1884 3254
622 259 829 304 Epistula
852 259 1003 294 XXXIV
1027 260 1121 295 3—4
1548 266 1632 306 263

112 389 153 428 et
189 387 451 431 Theodotion
490 388 563 430 sic
601 388 703 430 filii
740 388 1043 440 iuuentutis,
1084 391 1200 432 sexta
1237 387 1489 446 ἠκονημένοι,
1523 392 1633 446 quod

111 471 186 500 nos
219 459 355 501 dicere
385 458 615 512 possumus
643 459 841 501 exacuti
867 472 1058 502 sensus.
1085 473 1133 502 ex
1159 473 1241 514 quo
1270 460 1542 503 manifestum
1569 464 1635 504 est
1670 461 1692 498 2

111 529 421 572 adulescentiae
469 529 648 584 populos
698 530 891 585 intellegi
935 530 1194 573 Christianos
1245 531 1477 574 secundum
1526 531 1635 574 illud

110 601 362 654 exemplum,
395 612 476 654 quo
510 600 613 642 deus
647 602 814 643 sanctos
853 613 954 643 suos
992 601 1033 642 in
1072 601 1245 644 modum
1277 614 1398 644 arcus
1431 604 1474 644 et
1504 603 1635 657 sagit-

68 683 86 712 5
110 672 248 712 tarum
281 670 445 712 dicatur
481 671 711 721 extendere,
744 674 794 713 ut
829 671 870 712 in
909 672 1111 726 propheta
1143 671 1363 715 Zacharia:
1403 673 1634 727 quoniam

110 740 308 782 extendi
334 744 383 783 te
408 741 543 793 mihi,
569 741 705 789 Iuda,
726 747 781 784 ut
807 755 986 793 arcum7
1015 744 1058 784 et
1083 743 1270 785 saluator
1295 743 1345 785 de
1366 744 1633 797 semetipso:

108 812 281 865 posuit
311 824 384 854 me
417 812 551 854 sicut
590 813 829 867 sagittam
868 813 1078 855 electam
1119 816 1167 855 et
1197 814 1243 855 in
1276 814 1515 868 pharetra
1547 826 1634 856 sua

109 882 373 924 abscondit
398 895 483 924 me.
511 883 690 937 denique
709 884 751 925 in
772 885 967 938 sequenti
987 897 1114 926 uersu
1135 885 1320 938 exceptis
1342 883 1633 940 Septuaginta,
1671 886 1694 921 3

107 953 178 1006 qui
205 953 327 995 aliter
350 955 667 1002 transtulerunt,
695 958 738 996 et
761 955 803 996 in
830 954 1022 997 Hebraeo
1050 957 1092 997 et
1116 955 1159 996 in
1186 955 1351 997 cunctis
1378 955 1634 997 editionibus

50 1035 85 1062 ιο
108 1023 170 1065 ita
200 1023 382 1077 repperi:
415 1024 596 1066 beatus
629 1024 718 1075 uir,
753 1024 837 1078 qui
869 1025 1149 1079 repleuerit
1179 1015 1462 1078 pharetram
1495 1037 1633 1067 suam

28 1130 31 1134 .
108 1106 162 1135 ex
192 1094 335 1147 ipsis,
368 1096 428 1146 ut,
460 1094 559 1148 quia
596 1095 883 1149 metaphoram
921 1095 1054 1137 semel
1091 1098 1331 1150 sumpserat
1367 1108 1414 1137 ex
1452 1095 1635 1150 sagittis,

107 1166 149 1206 et
173 1164 214 1205 in
240 1164 437 1218 pharetra
462 1178 628 1219 quoque
646 1166 866 1208 translatio
894 1168 1146 1208 seruaretur.
1173 1165 1400 1209 eexcussos?
1425 1168 1565 1208 autem
1593 1169 1636 1208 et
1670 1170 1694 1205 4

107 1235 368 1278 consuetudo
406 1236 612 1278 sermonis
650 1236 824 1278 humani
853 1234 1058 1293 ‘uegetos'
1095 1239 1138 1279 et
1173 1236 1399 1279 ‘robustos’
1436 1239 1479 1279 et
1501 1235 1635 1291 ‘expe-

107 1305 232 1348 ditos'
268 1308 395 1348 uocat
437 1308 480 1348 et
521 1306 605 1361 ipsi
649 1307 921 1362 septuaginta
962 1308 1212 1362 interpretes
1249 1308 1292 1349 in
1329 1308 1488 1350 Esdrae
1525 1308 1633 1350 libro

49 1388 85 1418 15
108 1389 181 1431 pro
207 1375 460 1419 ‘iuuenibus’
482 1377 802 1428 transtulerunt,
832 1378 875 1419 in
909 1390 990 1431 quo
1022 1378 1083 1420 ita
1114 1378 1330 1420 scribitur:
1365 1381 1413 1420 et
1445 1378 1631 1420 factum

110 1451 185 1490 est
223 1460 275 1489 ex
317 1448 396 1490 die
433 1448 538 1499 illa,
577 1448 729 1490 medii
768 1461 1090 1491 excussorum
1127 1448 1384 1491 faciebant
1422 1462 1544 1502 opus
1585 1451 1634 1491 et

108 1519 257 1560 medii
302 1531 469 1561 eorum
512 1519 762 1562 habebant
803 1519 977 1562 hastas
1022 1522 1071 1562 et
1115 1522 1260 1562 scuta
1304 1522 1352 1562 et
1396 1532 1540 1562 arcus
1585 1527 1634 1562 et

108 1590 341 1632 thoracas
374 1592 423 1631 et
453 1590 710 1644 principes
742 1593 858 1645 post
896 1603 1085 1633 omnem
1119 1591 1314 1633 domum
1345 1590 1469 1633 Iuda
1507 1590 1632 1632 aedi-

107 1660 371 1703 ficantium
403 1661 449 1702 in
482 1674 632 1703 muro-
664 1674 712 1702 ex
743 1673 825 1715 quo
858 1661 1236 1704 animaduertimus
1269 1664 1311 1703 et
1341 1662 1383 1703 in
1420 1662 1632 1716 praesenti
1669 1667 1691 1700 5

46 1731 197 1773 201000
241 1744 315 1785 pro
361 1731 703 1775 adulescentibus
748 1734 873 1786 atque
916 1732 1147 1785 puberibus
1190 1730 1418 1775 eexcussos'
1454 1732 1647 1786 positos‚·

105 1815 200 1852 non,
232 1807 281 1843 ut
310 1802 381 1843 ille
414 1802 610 1855 opinatus
644 1805 722 1853 est,
753 1815 828 1856 pro
861 1804 1082 1856 apostolis,
1117 1803 1190 1857 qui
1229 1803 1396 1845 excussi
1427 1815 1451 1844 a
1475 1803 1630 1858 pedum

105 1872 348 1915 excussione
381 1873 584 1914 dicantur.
620 1873 705 1927 legi
737 1876 779 1915 et
810 1873 1032 1915 cuiusdam
1062 1874 1217 1916 librum
1251 1877 1294 1916 et
1325 1875 1560 1929 elegantem
1590 1874 1633 1916 in
1669 1880 1691 1915 6

74 1953 78 1960 ’
105 1957 152 1986 eo
186 1956 358 1985 sensum
388 1943 565 1998 repperi,
592 1942 820 1986 ‘excussos'
843 1944 1023 1987 Iudaeos
1050 1944 1134 1987 dici
1159 1957 1183 1986 a
1206 1946 1367 1998 templo
1394 1947 1437 1987 et
1466 1945 1562 2000 lege
1590 1947 1632 1986 et

222 2072 244 2105 5
265 2071 391 2107 *Zach.
411 2071 444 2113 9,
460 2071 504 2107 13
555 2072 575 2106 7
590 2052 710 2107 *Esah
725 2072 782 2116 49,
796 2072 818 2106 2
871 2072 913 2107 10
933 2072 1012 2107 *Ps.
1035 2071 1116 2114 126,
1136 2073 1157 2107 5
1209 2073 1252 2107 15
1274 2071 1333 2106 *ΙΙ
1352 2071 1476 2116 Esr.4‚
1492 2072 1629 2107 16-17

152 2143 169 2177 1
196 2143 388 2178 teodocion
412 2143 449 2178 Β
473 2142 662 2178 theodotio
692 2143 730 2190 Π
750 2142 965 2178 theodothio
991 2144 1028 2197 A
1052 2142 1217 2178 teudotio
1243 2143 1283 2178 D
1386 2143 1449 2188 sic]
1476 2143 1569 2178 sicut
1598 2143 1636 2177 H

100 2200 313 2248 ἢκονημένοι
342 2202 474 2247 scripSi
503 2200 828 2238 EKONHOCNOI
859 2201 937 2236 AII
962 2201 1098 2237 EKON
1116 2196 1165 2238 ἃ
1189 2204 1250 2245 (=
1276 2201 1384 2246 enim)
1417 2200 1567 2237 OCNOI
1594 2201 1631 2235 D

101 2259 400 2296 NKONHMENI
424 2261 461 2295 Β
581 2260 679 2306 quod
704 2272 770 2296 nos
795 2271 865 2296 om.
890 2261 927 2295 Β
1022 2260 1044 2294 2
1071 2272 1164 2296 sens.
1191 2271 1231 2296 ex
1258 2261 1342 2306 quo]
1369 2260 1567 2306 sensusque
1594 2261 1629 2294 B

100 2319 314 2354 manifestus
339 2320 376 2354 B
507 2321 564 2354 est
588 2330 656 2356 om.
682 2319 723 2355 D
840 2321 864 2355 4
890 2330 960 2365 quo
986 2320 1021 2354 A
1048 2319 1143 2365 quod
1168 2323 1232 2356 cet.
1359 2330 1443 2354 suos
1469 2321 1583 2355 sanct.
1607 2331 1632 2364 ς

101 2389 203 2414 arcus
229 2381 267 2413 et
291 2379 337 2424 B,
362 2389 430 2416 om.
457 2383 520 2414 cet.
587 2379 609 2414 5
636 2379 733 2414 zach.
762 2379 888 2425 proph.
915 2379 955 2414 Π
1016 2379 1038 2414 6
1065 2381 1135 2414 ext.
1160 2379 1211 2425 te]
1239 2377 1400 2414 extendit
1423 2378 1460 2413 B
1520 2379 1542 2414 9
1569 2379 1629 2423 qui

102 2438 207 2473 aliter
232 2437 268 2471 Β
297 2438 455 2483 qualiter
480 2438 605 2482 HD,A
635 2438 828 2484 (equaliter
850 2439 927 2482 m2)
1071 2449 1131 2482 pr.
1159 2439 1199 2472 et
1222 2448 1291 2473 om.
1317 2439 1353 2472 A
1500 2438 1543 2472 10
1574 2449 1629 2472 re-

100 2497 216 2543 pleuit
238 2508 263 2541 g
336 2497 377 2532 ll
406 2498 459 2542 ut]
487 2497 611 2542 ntique
636 2497 672 2532 B
746 2497 789 2532 12
816 2497 922 2542 serm]
950 2498 1181 2532 estimaretur
1203 2496 1241 2531 Β
1315 2498 1358 2532 13
1384 2497 1528 2542 negites
1555 2497 1631 2531 AD

102 2555 287 2601 expeditor
304 2555 344 2590 D
369 2555 548 2601 expiditor
565 2557 602 2590 A
652 2557 696 2592 14
720 2556 818 2602 ipsos
837 2557 874 2591 B
946 2556 1070 2591 esdrae
1097 2559 1127 2601 (s
1151 2556 1193 2591 in
1216 2567 1292 2592 ras.
1317 2558 1393 2599 m2)
1414 2556 1450 2591 A
1475 2567 1574 2591 ezrae
1595 2556 1630 2589 B

103 2615 147 2651 15
171 2615 347 2650 scribetur
371 2614 447 2649 AD
471 2616 643 2660 scriptum
671 2617 727 2650 est
751 2615 787 2650 Β
884 2616 928 2651 16
953 2615 1064 2650 medii
1089 2626 1134 2650 ex
1159 2615 1209 2650 dii
1236 2615 1276 2651 Π
1364 2615 1405 2650 17
1434 2619 1530 2650 astas
1555 2615 1630 2648 AB

104 2674 147 2709 18
172 2677 314 2709 toracas
339 2674 375 2708 Β
398 2674 568 2709 thorocas
595 2673 670 2709 ΠΙ)
692 2674 861 2710 torochas
888 2675 926 2718 (h
952 2674 1022 2710 del.
1047 2676 1125 2720 m2)
1149 2676 1185 2710 A
1210 2675 1375 2709 thoraces
1399 2685 1424 2719 g
1478 2674 1523 2708 20
1549 2674 1628 2708 loco

102 2743 146 2768 ex
170 2732 286 2768 locum
311 2735 374 2768 m2
399 2734 433 2767 A
494 2730 537 2767 21
566 2735 607 2768 ut
631 2733 705 2779 ille]
731 2733 822 2769 utile
847 2734 884 2768 Β
956 2734 1150 2780 oppinatus
1175 2733 1252 2768 AD
1324 2733 1442 2768 excusi
1460 2733 1629 2767 Aa.c.m2

102 2792 136 2837 a]
162 2790 208 2826 ad
232 2793 279 2836 A,
305 2803 373 2828 om.
399 2792 438 2827 D
536 2792 581 2827 22
607 2793 643 2827 in
669 2802 738 2828 om.
763 2795 798 2827 A
895 2793 940 2828 23
967 2804 1111 2828 sensum
1137 2794 1185 2836 (m
1210 2795 1304 2837 exp.)
1330 2793 1366 2827 A
1482 2802 1627 2827 excusos

102 2851 272 2886 Aa.c.m-2
