1884 3254
50 1055 85 1083 10

662 274 874 321 Epistula
897 274 958 310 LX
984 276 1077 310 5—7
1549 281 1634 320 555

104 405 147 447 in
179 405 302 448 bellis
335 407 472 449 uirtus
506 406 588 463 fuit
619 408 661 448 et
693 417 870 460 quorum
897 405 1100 448 orbitates
1126 405 1166 448 in
1195 405 1503 449 Consolationis
1529 407 1635 450 libro

106 476 272 519 Tullius
306 476 544 530 explicaust,
582 489 633 518 ne
665 475 811 518 uidear
842 476 978 519 aliena
1007 476 1151 531 potius
1185 489 1310 531 quam
1342 479 1485 520 nostra
1516 491 1638 532 quae-

107 547 233 598 sisse3
278 560 532 602 quamquam
570 549 613 589 et
654 547 757 590 haec
799 547 842 588 in
887 547 1235 602 suggillationem
1280 548 1412 590 nostri
1455 548 1640 592 breuiter

107 618 220 660 dicta
251 618 349 667 sint,
382 618 419 660 si
449 630 531 660 non
562 620 749 672 praestet
777 616 897 668 fides,
932 618 1043 671 quod
1070 618 1258 660 exhibuit
1281 619 1521 662 infidelitas.

167 689 206 730 6.
244 689 382 744 Igitur
412 689 464 731 ad
494 690 637 732 nostra
674 688 908 730 ueniamus.
949 701 1030 731 non
1068 690 1267 744 plangam
1307 702 1402 732 cum
1432 690 1560 732 Iacob
1598 692 1640 733 et

106 759 244 801 Dauid
275 759 385 802 filios
415 759 459 801 in
489 759 583 814 lege
614 759 857 810 morientes,
897 759 972 801 sed
1003 772 1099 802 cum
1133 759 1300 803 Christo
1338 761 1380 802 in
1420 760 1638 816 euangelio

107 830 337 884 suscipiam
356 833 637 885 resurgentes.
656 830 906 872 Iudaeorum
927 831 1069 873 luctus
1085 830 1419 874 Christianorum
1439 831 1641 887 gaudium

109 903 188 943 est.
226 901 286 943 ad
317 914 604 955 uesperum
638 901 1013 944 demorabitur
1042 901 1216 944 fletus
1249 904 1302 944 et
1334 902 1394 944 ad
1425 902 1641 944 matuti-

108 983 224 1013 num
257 971 492 1014 laetitia.
526 985 622 1014 nox
654 973 979 1026 praecessit,
1012 972 1127 1015 dies
1161 975 1334 1015 autern
1363 972 1640 1027 adpropin-

111 1042 312 1095 quauit.
362 1042 472 1084 unde
516 1044 558 1084 et
594 1042 766 1097 Moyses
806 1043 990 1086 moliens
1034 1043 1262 1099 plangitur,
1312 1043 1433 1086 Iesus
1483 1043 1642 1097 absque

83 1113 254 1155 -funere
287 1115 330 1155 et
359 1113 544 1156 lacrimis
575 1113 617 1155 in
654 1116 796 1156 monte
835 1114 1050 1169 sepelitur.
1089 1114 1295 1169 quidquid
1333 1114 1384 1156 de
1422 1114 1642 1168 scripturis

54 1410 89 1439 15

1 1765 91 1793 -20

111 1197 238 1239 super
261 1184 560 1226 lamentatione
586 1184 669 1226 dici
693 1186 848 1239 potest,
880 1184 923 1226 in
950 1197 997 1227 eo
1024 1185 1146 1236 libro,
1175 1197 1256 1238 quo
1282 1184 1458 1226 Paulam
1486 1184 1644 1227 Romae

112 1255 317 1298 consolati
348 1268 511 1306 sumus,
542 1255 730 1298 breuiter
761 1255 1078 1309 explicauimus.
1117 1268 1226 1297 nunc
1259 1254 1486 1309 nobisvper
1517 1254 1642 1296 aliam

113 1326 307 1368 semitam
346 1325 398 1367 ad
436 1325 614 1368 eundem
650 1326 792 1368 locum
837 1323 1164 1380 perueniendurn
1209 1328 1288 1376 est,
1331 1339 1382 1368 ne
1424 1325 1646 1368 uideamur

113 1395 339 1450 praeterita
370 1397 413 1437 et
444 1395 636 1438 obsoleta
667 1395 875 1449 quondam
909 1396 1069 1438 calcare
1100 1396 1299 1451 uestigia.

175 1467 213 1508 7.
253 1466 419 1509 Scimus
460 1465 628 1520 quidem
659 1466 945 1521 Nepotianum
982 1468 1174 1509 nostrum
1214 1479 1310 1509 esse
1348 1479 1445 1509 cum
1478 1465 1645 1508 Christo

115 1540 158 1580 et
189 1540 430 1580 sanctorum
454 1537 633 1579 mixtum
666 1537 819 1588 choris,
852 1537 965 1592 quod
989 1537 1060 1580 hic
1085 1537 1306 1580 nobiscum
1334 1537 1498 1580 eminus
1523 1536 1647 1578 rima·

114 1609 239 1651 batur
268 1608 310 1650 in
340 1608 464 1651 terris
497 1611 539 1650 et
575 1608 869 1650 aestimatione
908 1609 1149 1662 quaerebat,
1185 1608 1246 1650 ibi
1283 1608 1499 1650 uidentem
1538 1619 1647 1650 com-

114 1679 254 1721 minus
299 1678 458 1721 dicere:
510 1678 654 1720 sicut
705 1678 1028 1729 audiuimus,
1079 1678 1158 1720 ita
1209 1680 1259 1720 et
1302 1677 1545 1720 uidimus
1595 1676 1647 1718 in

118 1750 349 1793 ciuitate
389 1749 589 1791 domini
626 1749 910 1807 uirtutum,
953 1749 1007 1790 in
1048 1748 1284 1790 ciuitate
1323 1748 1408 1790 dei
1455 1747 1646 1797 nostri,

117 1821 191 1863 sed
223 1820 478 1862 desiderium
511 1820 724 1862 absentiae
757 1820 848 1862 eius
880 1820 986 1863 ferre
1017 1833 1098 1862 non
1130 1832 1374 1875 possumus,
1407 1831 1488 1861 non
1520 1818 1650 1870 illius,

120 1892 194 1950 sed
233 1895 418 1934 nostram
456 1891 594 1934 uicem
636 1891 835 1934 dolentes.
881 1892 1036 1945 quanto
1073 1890 1146 1932 ille
1191 1890 1368 1941 felicior,
1413 1891 1529 1932 tanto
1573 1900 1650 1931 nos

120 1962 301 2017 amplius
334 1962 375 2005 in
407 1962 563 2013 dolore,
597 1961 708 2016 quod
738 1961 815 2004 tali
846 1974 1036 2004 caremus
1068 1961 1192 2004 bono.
1223 1961 1380 2004 flebant
1411 1962 1454 2002 et
1485 1971 1648 2002 sorores

239 2092 259 2125 5
286 2088 330 2124 cf.
358 2087 447 2124 Gen.
467 2089 525 2133 37,
549 2088 690 2124 33—35
751 2088 773 2123 6
793 2087 838 2122 cf.
858 2087 895 2122 11
914 2087 1002 2132 Reg.
1031 2087 1087 2131 18,
1113 2087 1158 2122 33
1221 2087 1242 2122 8
1259 2086 1319 2122 Ps.
1345 2087 1404 2131 29,
1429 2086 1451 2121 6
1501 2087 1522 2122 9
1542 2087 1647 2121 Rom.

124 2148 177 2190 13,
205 2148 248 2182 12
341 2148 384 2183 10
410 2147 454 2183 cf.
479 2147 590 2183 Deut.
615 2148 672 2190 34,
698 2146 720 2182 8
835 2146 880 2181 cf.
905 2146 977 2181 Ios.
1002 2146 1061 2190 24,
1085 2146 1131 2181 30
1225 2146 1267 2181 12
1294 2156 1341 2181 sc.
1369 2145 1475 2190 epist.
1500 2144 1647 2180 XXXIX

123 2207 167 2243 19
192 2206 274 2242 *Ps.
300 2207 357 2251 47,
383 2207 404 2242 9
479 2206 523 2241 23
551 2206 596 2243 cf.
621 2206 699 2241 Ioh.
728 2206 783 2247 11,
810 2205 855 2240 33

173 2278 189 2312 1
218 2278 348 2322 uirtus]
376 2277 495 2312 luctus
524 2276 559 2312 G
656 2276 764 2312 orbit.
789 2276 841 2321 in]
871 2275 1027 2310 orbitate
1054 2275 1127 2310 sint
1151 2275 1182 2320 (t
1207 2285 1300 2311 eras.
1321 2273 1376 2319 K)
1401 2273 1484 2309 K31¹
1531 2274 1553 2309 2
1577 2273 1651 2308 tul-

122 2336 193 2372 lius
225 2347 252 2371 s.
287 2337 309 2371 Ζ.
341 2336 391 2381 K,
424 2346 493 2371 om.
531 2335 568 2370 Ψ
710 2334 905 2380 explicabit
934 2334 978 2369 K
1006 2333 1206 2379 adplicauit
1235 2333 1275 2368 D
1429 2335 1504 2378 pot.
1536 2332 1580 2368 al.
1612 2332 1651 2367 D

125 2394 291 2440 3'sugill.
322 2396 431 2430 ΦΨΒ
496 2396 518 2430 ’7
544 2395 715 2439 recipiam
739 2405 764 2439 g
829 2393 851 2428 8
879 2395 934 2428 est
959 2403 1026 2428 om.
1057 2393 1089 2427 Φ
1184 2403 1370 2438 uesperam
1395 2403 1420 2437 ς
1486 2391 1507 2427 9
1533 2393 1653 2426 autem

82 2498 92 2507 ·
125 2465 192 2489 om.
219 2453 295 2490 qm
390 2453 664 2500 adpropinquab
689 2452 729 2487 D
804 2452 846 2488 10
873 2462 989 2487 moses
1012 2451 1113 2497 Gps.
1140 2451 1251 2486 mosis
1271 2450 1303 2487 21
1399 2451 1538 2496 plang.]
1567 2449 1653 2484 add.

128 2516 164 2548 et
191 2513 318 2558 Gru<
346 2514 469 2557 (eras.)
606 2513 727 2547 hiesus
754 2510 828 2547 QID
858 2511 979 2546 hierus
1009 2511 1042 2545 Φ
1066 2509 1129 2545 ihu
1158 2510 1192 2545 G
1291 2511 1332 2546 11
1363 2509 1553 2555 sepellitur
1583 2508 1659 2543 GK

129 2573 171 2608 12
197 2572 494 2608 lamentationem
525 2571 628 2607 codd.
655 2573 777 2616 praet.
805 2569 839 2606 Ἥ
963 2569 1007 2605 14
1033 2572 1089 2604 est
1114 2579 1181 2605 om.
1212 2570 1244 2603 Φ
1365 2568 1409 2603 15
1434 2567 1610 2612 praetrita
1632 2577 1657 2611 g

128 2632 266 2666 obolita
291 2642 335 2666 ex
361 2630 475 2666 oblita
499 2632 563 2665 m2
586 2630 626 2664 D
652 2629 789 2664 abolita
820 2628 857 2663 Ψ
929 2629 971 2663 17
999 2630 1035 2663 et
1060 2638 1087 2663 s.
1117 2627 1139 2664 l.
1159 2627 1208 2671 K,
1236 2637 1303 2662 om.
1328 2626 1362 2661 G
1437 2625 1480 2660 18
1507 2625 1656 2659 extima-

127 2690 228 2725 tione
257 2689 328 2725 GB
354 2689 641 2726 aestimationem
673 2688 707 2722 ¹1¹
828 2686 1051 2732 quaerebant
1077 2685 1111 2721 21
1231 2685 1294 2719 ubi
1320 2685 1359 2719 D
1474 2683 1516 2718 19
1543 2684 1595 2717 ita
1620 2684 1657 2717 et

129 2748 201 2783 nid.
228 2759 295 2784 om.
326 2749 358 2783 Φ
459 2749 512 2783 ita
538 2749 586 2792 et]
613 2748 664 2782 sic
691 2745 725 2781 21
751 2746 802 2780 sic
830 2747 866 2780 et
889 2756 914 2790 g
1033 2745 1078 2780 20
1106 2744 1276 2779 uirtutem
1304 2743 1342 2778 D
1463 2741 1508 2776 22
1534 2745 1656 2776 nostro

130 2808 243 2843 uicem
273 2808 307 2842 G
333 2810 456 2842 nostra
481 2807 635 2841 inuicem
666 2806 698 2840 Φ
812 2804 918 2850 ampl.
945 2815 1010 2838 nos
1036 2803 1074 2837 D
1170 2803 1214 2837 23
1242 2802 1350 2848 ampl.
1375 2812 1444 2837 om.
1474 2799 1506 2835 G
1619 2800 1656 2834 in

130 2878 157 2902 s.
186 2867 208 2902 Ζ.
233 2867 277 2901 Κ
