1884 3254
614 226 819 273 Epistula
843 227 1006 262 xva
1032 227 1146 262 9—11
1591 232 1644 273 87

119 355 507 398 Nabuchodonosor
543 355 656 397 facta
687 356 766 403 est,
800 354 967 408 signum
1001 367 1094 396 esse
1132 356 1421 408 praemissum.
1457 357 1507 398 ab
1542 357 1644 399 Ozia
1682 361 1704 395 2

119 427 289 481 quippe,
322 426 400 468 sub
440 439 521 480 quo
560 425 810 480 prophetare
849 434 969 466 orsus
1011 426 1089 474 est,
1126 437 1257 479 usque
1297 426 1347 468 ad
1381 427 1645 478 Sedechiam‚

121 498 193 552 qui
225 499 434 539 extremus
459 496 653 551 regnauit
678 498 721 537 et
747 495 819 548 qui
851 507 1002 537 caecus
1028 495 1068 536 in
1098 496 1356 549 Babylonem
1386 498 1539 540 ductus
1567 500 1645 540 est.

118 567 251 610 fuisse
282 579 402 622 reges
435 567 632 609 undecim
665 569 707 609 et
739 566 1037 608 duodecimum
1071 565 1309 619 Godoliam,
1337 581 1460 621 quem
1494 569 1647 610 consti-

120 640 260 681 tuerat
295 651 365 679 rex
395 638 651 692 Babyloniae
690 650 816 691 super
853 640 1022 686 terram,
1057 650 1178 690 quem
1219 638 1432 681 interfecit
1463 639 1646 682 Ismahel

119 709 232 751 filius
263 708 497 750 Nathaniae
528 708 637 750 inter
674 707 834 750 medias
873 707 1033 762 epulas,
1067 708 1336 762 reliquiarum
1372 710 1530 764 patriae
1556 723 1646 764 par-

118 779 262 830 ricida,
295 782 337 821 et
374 779 448 821 has
488 791 582 821 esse
620 778 842 820 duodecim
881 778 983 829 alas,
1018 791 1039 820 e
1073 779 1227 832 quibus
1260 782 1460 833 quattuor
1493 780 1641 822 faciem

119 863 239 894 suam
271 851 427 899 uelent,
462 850 574 891 sicut
598 850 640 891 iu
666 850 880 891 nonnullis
906 849 1170 904 exemplariis
1196 849 1419 902 inuenitur,
1447 853 1648 904 quattuor

117 922 275 971 uolent,
303 922 504 974 quattuor
528 919 656 974 pedes
684 932 783 962 suos
812 921 1047 974 contegant.
1074 933 1121 961 ex
1146 920 1212 961 his
1240 920 1395 975 quippe
1423 920 1644 963 duodecim
1681 926 1703 960 3

118 992 291 1048 regibus
325 993 524 1045 quattuor
553 993 719 1032 tantum
751 990 888 1032 iustos
920 990 1053 1032 fuisse
1085 1003 1226 1045 reges:
1255 989 1414 1041 Oziam‚
1441 991 1644 1041 Ioatham,

119 1062 344 1104 Ezechiam
383 1063 425 1104 et
459 1061 631 1113 Iosiam,
672 1061 742 1114 qui
782 1060 987 1103 sublimes
1025 1073 1100 1114 per
1138 1061 1327 1116 singulas
1374 1062 1645 1115 captiuitates

121 1133 354 1189 glorificare
373 1132 554 1174 audeant
570 1132 713 1174 deum:
731 1135 940 1174 sanctus
963 1135 1170 1174 sanctus
1192 1135 1397 1175 sanctus
1419 1133 1646 1175 dominus

120 1203 361 1246 saba-oth.
383 1203 568 1257 reliquos
590 1216 689 1245 uero
716 1205 884 1257 propter
910 1206 1083 1257 peccata
1111 1204 1252 1245 uelare
1277 1203 1428 1246 faciem
1459 1206 1500 1246 et
1525 1204 1644 1254 alios,

120 1275 220 1328 quia
242 1275 284 1316 in
312 1275 604 1328 captiuitatem
632 1274 748 1316 ducti
775 1276 886 1323 sunt,
919 1274 1074 1328 pedum
1109 1275 1242 1316 celare
1274 1274 1470 1328 uestigia.
1503 1287 1647 1329 super-

121 1346 313 1388 liminare
345 1358 445 1387 uero
479 1346 694 1387 sublatum
728 1347 770 1386 et
796 1345 969 1387 domum
995 1345 1195 1399 inpletam
1222 1346 1354 1397 fumo,
1383 1347 1494 1387 sicut
1520 1359 1648 1399 supra

121 1416 316 1467 diximus,
344 1417 606 1459 euersion‘em
631 1416 903 1458 Hierusalem
930 1419 973 1457 et
996 1416 1238 1458 incendium
1265 1417 1414 1470 templi
1441 1417 1646 1470 exposuit.

181 1489 248 1530 11.
279 1488 334 1529 Et
364 1490 426 1538 ut,
460 1488 560 1542 quia
592 1488 723 1529 semel
755 1487 845 1529 eius
885 1487 1005 1541 coepi
1035 1487 1186 1528 referre
1220 1487 1486 1535 sententiam,
1520 1487 1647 1529 etiam

120 1571 178 1608 ea,
216 1572 322 1613 quae
360 1559 538 1601 necdum
577 1571 600 1600 a
636 1571 704 1600 me
743 1561 843 1600 sunt
878 1561 1005 1610 tacta,
1045 1559 1301 1613 contingam,
1339 1558 1557 1612 forcipem,
1597 1559 1647 1600 de

120 1643 202 1684 qua
233 1631 375 1672 altaris
409 1630 531 1672 carbo
565 1630 877 1683 conprehensus
910 1631 989 1680 est,
1023 1631 1066 1671 et
1090 1629 1204 1671 labia
1226 1623 1407 1684 purgata
1432 1629 1643 1684 propriam

119 1701 267 1743 Esaiae
305 1701 492 1743 adseruit
526 1701 784 1754 passionem,
823 1714 904 1755 qua
942 1701 1020 1742 sub
1059 1701 1256 1742 Manasse
1293 1700 1542 1742 interfectus
1582 1702 1648 1763 est

240 1840 256 1875 1
286 1840 331 1875 cf.
356 1839 455 1874 Hier.
483 1840 516 1881 1,
541 1840 635 1874 2—3
709 1840 731 1873 2
758 1839 802 1874 cf.
828 1839 878 1874 IV
904 1840 994 1885 Reg.
1021 1839 1078 1884 25,
1106 1840 1137 1874 7.
1165 1839 1264 1874 Hier.
1291 1839 1348 1883 39,
1377 1841 1396 1874 7
1470 1840 1493 1874 4
1525 1839 1570 1874 cf.
1596 1838 1645 1873 IV

119 1899 209 1944 Reg.
229 1899 285 1941 25,
312 1899 370 1933 22.
395 1898 493 1933 Hier.
514 1899 571 1942 40,
593 1899 612 1933 7
687 1900 707 1934 5
735 1899 778 1934 cf.
804 1899 856 1933 IV
882 1899 971 1944 Reg.
997 1900 1054 1940 25,
1081 1900 1138 1934 25.
1164 1899 1263 1934 Hier.
1288 1899 1346 1942 41,
1367 1900 1387 1933 2
1466 1898 1508 1932 12
1527 1898 1646 1933 *Esai.

120 1959 152 2002 6,
180 1959 201 1993 3
276 1959 319 1994 18
346 1957 389 1993 cf.
416 1958 512 1993 Esai.
539 1959 573 2003 6,
599 1959 691 1994 6—7

169 2054 185 2088 1
213 2053 342 2088 nabuc.
368 2054 403 2088 Β
429 2053 556 2090 naboe.
581 2053 622 2088 F
642 2052 774 2098 nabog.
806 2053 858 2088 W
936 2054 1042 2088 hozia
1065 2053 1101 2087 B
1127 2054 1202 2087 otia
1227 2052 1266 2087 D
1314 2053 1335 2087 2
1362 2063 1463 2087 orsus
1490 2063 1597 2098 espr.
1623 2063 1648 2097 ς

120 2111 344 2148 sedecchiam
376 2113 428 2147 W
447 2113 625 2148 sedeciam
650 2113 806 2155 D,La.c.
952 2113 973 2147 3
1001 2115 1057 2147 est
1080 2123 1107 2147 8.
1135 2113 1157 2147 l.
1183 2114 1247 2147 m2
1272 2113 1305 2147 Σ
1425 2113 1448 2147 4
1473 2112 1570 2158 regis
1600 2111 1652 2146 W

121 2172 312 2207 constituit
328 2172 369 2207 D
417 2173 438 2207 5
463 2172 647 2208 babilonie
671 2172 868 2209 (babilonis
893 2174 969 2216 m2)
989 2172 1026 2206 B
1049 2172 1283 2218 baby(i)lonis
1302 2171 1410 2207 FDS
1478 2172 1607 2206 ismael
1623 2183 1648 2217 ς

120 2231 142 2266 6
172 2231 379 2267 mathaniae
416 2232 468 2266 W
492 2231 706 2267 nathanihel
736 2231 806 2266 ΕΣ
835 2231 1058 2266 nathanahel
1087 2231 1195 2266 FDS
1228 2231 1424 2266 natanahel
1459 2231 1646 2275 (natanihe

119 2292 195 2334 m2)
220 2291 257 2325 B
351 2292 474 2336 pariae
498 2293 621 2334 (corr.)
646 2291 715 2325 LE
804 2291 964 2336 paricida
989 2290 1020 2326 S
1041 2290 1210 2336 paracida
1240 2290 1292 2325 W
1371 2291 1391 2325 7
1418 2281 1496 2325 esse
1520 2289 1585 2325 has
1611 2291 1647 2324 B

121 2350 143 2384 8
163 2360 263 2384 suam
282 2361 349 2385 om.
369 2349 515 2385 FDBS
585 2349 849 2396 exemplaribus
874 2350 1202 2395 W,Zp.c.Bp.c.m2
1250 2349 1272 2384 9
1292 2350 1419 2385 uolant
1444 2349 1495 2383 W
1563 2360 1646 2384 suos

122 2408 345 2453 L,Z(eras.)‚
366 2409 422 2453 W,
437 2419 504 2444 ont.
521 2413 584 2446 cet.
657 2409 729 2455 his]
753 2409 881 2454 quibus
895 2409 966 2445 DS
1015 2410 1058 2444 10
1071 2412 1215 2444 tantum
1235 2411 1408 2454 quattuor
1426 2409 1478 2444 W
1544 2419 1646 2454 reges

121 2478 188 2503 om.
208 2467 315 2503 FDS
383 2468 520 2504 iotham
543 2469 576 2503 Σ
588 2469 737 2504 iohatan
755 2469 792 2503 B
842 2470 882 2504 11
907 2469 1016 2504 osiam
1037 2469 1077 2504 F
1145 2469 1306 2514 singulos
1324 2468 1361 2503 B
1433 2468 1600 2503 ciuitates
1620 2467 1650 2502 S

122 2525 166 2560 12
186 2526 275 2571 glor.
297 2525 400 2561 deum
421 2528 503 2572 (seq.
522 2537 597 2561 ras.
621 2529 643 2561 4
663 2527 733 2562 litt.
754 2527 798 2570 Σ)
819 2527 976 2562 audeant
995 2527 1066 2562 ΕΣ
1085 2527 1277 2573 glorificari
1298 2526 1450 2562 audiant
1469 2526 1575 2562 deum
1602 2527 1647 2561 W

122 2585 280 2620 audeant
304 2586 394 2631 glor.
421 2584 526 2620 deum
551 2597 576 2630 ς
649 2585 756 2632 dom.]
783 2586 870 2621 add.
898 2586 985 2622 deus
1012 2587 1114 2622 codd.
1133 2589 1284 2632 praeter
1314 2586 1400 2621 WD
1482 2586 1523 2620 13
1549 2596 1646 2631 pecc.

122 2655 186 2680 sua
204 2657 229 2690 g
278 2645 322 2680 14
349 2645 410 2690 qui
427 2646 464 2680 B
537 2646 752 2692 captiuitate
769 2646 806 2681 B
878 2647 1017 2682 caelare
1041 2646 1226 2682 Wuelare
1248 2651 1310 2681 cet.
1362 2646 1405 2681 15
1426 2645 1576 2690 impleta
1602 2645 1652 2679 W

121 2705 215 2739 sicut
232 2716 260 2740 3.
283 2705 306 2739 l.
327 2705 358 2739 Σ
428 2705 470 2740 16
490 2705 730 2751 Hierusalem]
750 2705 908 2741 israheli]
929 2707 967 2749 (u
987 2707 1081 2751 exp.)
1100 2705 1135 2740 L
1192 2706 1234 2740 17
1254 2707 1295 2740 ut
1314 2716 1381 2740 om.
1400 2716 1424 2748 5·
1497 2714 1646 2749 coepere

120 2762 213 2798 ferre
232 2763 284 2798 W
297 2765 375 2809 cepi
395 2763 487 2808 ferre
501 2764 531 2799 S
580 2764 622 2799 18
644 2775 686 2800 ea
704 2775 771 2800 om.
791 2765 825 2800 Σ
892 2767 973 2800 acta
987 2765 1025 2799 F
1097 2765 1348 2811 contingamus
1362 2775 1386 2808 g
1437 2764 1480 2798 19
1499 2774 1646 2809 conpre-

123 2822 282 2857 hendens
307 2823 358 2858 W
425 2823 569 2869 propria
594 2824 645 2859 W
699 2825 745 2860 20
765 2824 936 2860 adserunt
961 2824 1012 2859 W
1080 2824 1163 2870 qua]
1186 2826 1223 2859 et
1242 2835 1312 2869 qua
1329 2835 1353 2868 g
1373 2832 1440 2868 que
1466 2821 1592 2867 (corr.)
1610 2822 1647 2856 Β
