1884 3254
209 293 296 336 492
752 288 903 324 Sancti
927 287 1183 334 Hieronymi

269 422 296 462 4
329 419 404 476 (3).
454 419 632 473 Repperi
680 419 865 460 iunctam
915 418 1122 471 epistulae
1172 419 1215 459 et
1263 418 1604 461 commentariolo
1654 420 1727 460 tuo

211 492 381 533 breuem
408 490 654 540 chartulam,
681 489 722 530 in
750 501 832 543 qua
856 489 960 530 haec
985 487 1118 530 indita
1143 488 1401 531 ferebantur:
1434 489 1730 542 ‘quaerendum

209 561 260 603 ab
294 573 342 602 eo
374 584 430 591 —-
461 560 504 601 id
536 562 601 602 est
632 571 655 601 a
685 571 752 601 me
786 583 856 609 -,
887 561 1030 600 utrum
1062 557 1215 600 mulier
1244 558 1391 601 relicto
1425 559 1514 600 uiro
1541 559 1730 601 adultero

209 636 252 673 et
284 631 492 673 sodomita
523 633 565 672 et
595 629 677 672 alio
710 642 783 684 per
812 629 903 671 uim
934 632 1105 682 accepto
1131 629 1268 683 possit
1293 622 1451 683 absque
1476 629 1732 684 paenitentia

209 701 516 744 communicare
541 697 743 743 ecclesiae
769 692 940 742 uiuente
958 700 1093 742 adhuc
1114 712 1177 751 eo,
1198 712 1323 754 quem
1341 700 1457 754 prius
1476 700 1732 754 reliquerat.’
1772 714 1790 742 5
1862 703 1863 706 ’

210 772 321 826 quod
346 772 490 826 legens
516 771 633 813 illius
658 761 859 813 uersiculi
884 770 1128 813 recordatus
1155 783 1269 813 sum:
1303 771 1364 812 ad
1398 770 1731 813 excusandas

210 843 593 885 excusationes
634 842 685 884 in
729 834 985 896 peccatis.
1031 854 1177 884 omnes
1222 841 1331 884 enim
1376 841 1567 883 homines
1608 834 1730 884 uitiis

209 913 364 956 nostris
390 912 583 955 fauemus
610 914 664 963 et,
692 911 803 965 quod
827 911 994 965 propria
1018 911 1198 954 facimus
1225 904 1458 961 uoluntate,
1484 911 1536 953 ad
1561 913 1732 954 naturae

209 979 429 1026 referimus
467 983 778 1025 necessitatem.
823 982 1034 1036 quomodo
1086 982 1122 1024 si
1159 975 1274 1024 dicat
1319 982 1585 1025 adulescens:
1631 982 1732 1024 ‘uim

210 1054 347 1108 patior
378 1053 562 1107 corporis
594 1053 690 1104 mei,
730 1052 783 1094 ad
818 1052 1036 1095 libidinem
1075 1052 1196 1095 ardor
1231 1052 1412 1106 inpellit,
1450 1052 1543 1107 ipsa
1579 1063 1733 1107 organa
1756 1066 1792 1094 10

210 1125 492 1166 membrorum
526 1112 774 1179 genitalium
801 1126 844 1165 et
869 1123 1104 1178 conpositio
1132 1123 1316 1177 corporis
1341 1122 1545 1165 femineos
1571 1121 1735 1176 quaerit
1860 1109 1863 1117 ¹

211 1194 460 1248 amplexus’3
495 1197 537 1236 et
579 1207 724 1236 rursus
769 1193 998 1236 homicida:
1037 1194 1091 1235 ‘in
1137 1189 1353 1249 egestate',
1398 1193 1549 1247 inquit,
1593 1196 1732 1242 ‘eram,

209 1265 450 1320 indigebam
482 1265 589 1316 cibo,
621 1266 820 1320 tegumen
854 1264 1037 1319 corporis
1068 1277 1149 1306 non
1175 1264 1400 1314 habebam3
1430 1259 1525 1306 ideo
1550 1263 1732 1305 alienum

211 1336 458 1390 sanguinem
495 1335 599 1385 fudi,
640 1347 690 1377 ne
727 1335 819 1390 ipse
857 1334 966 1377 fame
1004 1338 1046 1377 et
1083 1335 1235 1391 frigore
1273 1333 1482 1378 morerer'.
1526 1333 1733 1389 responde

210 1406 353 1459 itaque
397 1406 541 1455 sorori,
593 1419 698 1460 quae
743 1407 766 1448 a
809 1406 932 1448 nobis
977 1418 1103 1459 super
1145 1408 1259 1448 statu
1309 1405 1376 1447 sui
1426 1405 1602 1459 quaerit,
1650 1416 1730 1446 non
1757 1420 1792 1449 15
1854 1428 1857 1431 ¹

212 1479 367 1527 nostra,
418 1477 492 1520 sed
536 1476 769 1531 apostolica
813 1477 1040 1519 sententia:
1086 1489 1143 1519 an
1187 1476 1275 1532 ign
1289 1477 1473 1528 oratis,
1516 1470 1731 1525 fratres,

211 1547 592 1590 —scientibus
616 1548 789 1603 legem
808 1548 1001 1601 loquor
1022 1571 1074 1578 —
1097 1547 1330 1601 quoniam
1349 1547 1426 1590 lex
1446 1547 1733 1589 dominatur

212 1618 427 1669 homini,
471 1620 669 1672 quanto
702 1620 942 1672 tempore
973 1617 1149 1660 uiuit?
1182 1618 1377 1660 mulier
1407 1618 1557 1669 enim,
1597 1629 1732 1672 quae

211 1689 309 1731 sub
341 1689 456 1731 uiro
485 1691 580 1740 est,
607 1689 834 1731 uiuente
859 1688 977 1731 uiro
1011 1688 1282 1731 adstricta
1309 1690 1392 1731 est
1415 1689 1542 1744 legi.
1576 1688 1732 1742 quod-

212 1759 258 1801 si
289 1762 530 1802 mortuus
562 1760 734 1802 fuerit
765 1759 848 1802 uir
879 1760 1010 1812 eius,
1042 1759 1282 1803 liberata
1307 1763 1391 1804 est
1416 1760 1584 1815 alege
1608 1760 1729 1803 uiri.
1756 1773 1792 1802 ευ

213 1843 338 1885 ergo
369 1830 594 1873 uiuente
631 1830 747 1873 uiro
787 1831 1037 1873 adultera
1074 1831 1192 1882 erit,
1231 1831 1276 1874 si
1315 1831 1531 1873 duxerit
1567 1830 1731 1873 alium

212 1901 398 1951 uirum,
443 1903 486 1943 et
519 1901 562 1943 in
599 1901 680 1943 alio
721 1901 835 1943 loco:
879 1901 1076 1943 mulier
1112 1901 1344 1957 alligata
1389 1904 1484 1953 est,
1530 1903 1730 1956 quanto

330 2029 352 2063 6
377 2027 437 2062 Ps.
465 2027 542 2068 140,
568 2028 590 2062 4
665 2028 707 2062 16
733 2027 855 2062 *Βοῐῐιι
882 2028 913 2067 7,
943 2027 1033 2063 1—3
1107 2028 1152 2063 22
1179 2028 1219 2063 *Ι
1244 2027 1324 2064 Cor.
1352 2029 1383 2072 7,
1409 2028 1454 2063 39

262 2111 277 2144 1
318 2110 434 2155 reperi
468 2110 499 2145 C
664 2111 714 2155 et]
750 2110 808 2145 uel
847 2110 1024 2155 Ba.e.m2‚
1063 2121 1130 2147 om.
1168 2110 1207 2147 D
1381 2109 1659 2145 comunituriolo
1697 2121 1731 2154 ψ

212 2170 519 2204 commonitoriolo
543 2180 567 2214 ς
674 2171 736 2204 tuo
762 2180 790 2204 8.
818 2169 841 2204 l.
867 2170 913 2211 Β,
940 2180 1007 2204 om.
1036 2169 1110 2205 GD
1230 2169 1252 2204 2
1276 2169 1421 2204 brebem
1449 2168 1524 2204 GD
1643 2170 1730 2203 cart.

211 2229 322 2274 wDB
348 2229 458 2264 carth.
488 2228 522 2264 G-
635 2227 772 2264 indicta
797 2229 836 2263 D
967 2229 989 2264 3
1015 2229 1060 2264 ab
1087 2230 1141 2274 eo]
1169 2229 1283 2264 babeo
1312 2228 1342 2263 0
1460 2228 1481 2263 5
1507 2227 1730 2263 comunicare

213 2290 270 2332 (ex
295 2289 355 2333 —ri)
381 2288 417 2322 Β
501 2288 651 2323 ecclesia
677 2287 715 2322 D
798 2288 1020 2333 relinquerat
1047 2287 1081 2323 G
1106 2288 1327 2333 reliquerant
1355 2288 1388 2322 Φ
1434 2287 1456 2323 8
1482 2286 1671 2332 uoluptate
1699 2286 1731 2320 Φ

214 2347 235 2380 9
261 2346 359 2381 dicat
383 2347 413 2381 si
444 2347 476 2380 Φ
571 2346 666 2381 adul.
695 2346 769 2381 GD
795 2346 888 2381 adol.
914 2346 1018 2392 ψΟΒ
1043 2346 1246 2382 aduliscens
1275 2347 1308 2381 Φ
1375 2347 1418 2381 10
1443 2346 1512 2380 mei
1539 2357 1573 2391 ψ
1596 2355 1677 2380 mea
1698 2344 1731 2378 Φ

212 2415 268 2438 me
294 2408 356 2439 cet.
453 2404 557 2439 ardor
580 2415 608 2439 s.
635 2405 656 2439 l.
685 2404 720 2438 B
795 2405 835 2439 11
863 2404 994 2439 femine
1019 2405 1084 2439 hos
1110 2405 1146 2439 Β
1219 2405 1263 2440 12
1288 2415 1408 2439 rursus
1434 2415 1468 2450 ψ
1491 2414 1630 2438 rursum
1649 2407 1729 2444 eet..-

213 2461 300 2497 add.
327 2463 356 2497 si
386 2462 530 2498 GDCB
608 2466 806 2507 egestatem
836 2463 870 2498 G
933 2463 975 2499 13
1000 2465 1159 2509 tegimen
1184 2464 1220 2498 Β
1245 2466 1390 2508 tegmen
1413 2474 1439 2507 ς
1461 2463 1673 2507 tegumenta
1697 2473 1731 2507 ψ

215 2522 259 2556 14
284 2520 347 2556 fidi
376 2522 408 2555 Φ
519 2532 635 2556 morer
663 2521 696 2556 G
816 2522 1014 2567 respondeo
1044 2522 1109 2557 CB
1186 2538 1196 2546 -
1229 2523 1273 2558 15
1299 2521 1384 2567 sora]
1412 2520 1498 2556 add.
1523 2523 1666 2555 nostrae
1695 2519 1730 2555 G

212 2583 311 2615 statu
342 2581 397 2615 sui
422 2580 458 2615 Β
489 2583 606 2615 status
638 2581 692 2615 sui
721 2580 790 2616 GC
813 2584 948 2616 stratus
974 2581 1028 2616 sui
1053 2581 1093 2616 D
1123 2583 1222 2616 statu
1253 2583 1364 2625 (stato
1394 2580 1439 2622 Φ)
1473 2591 1537 2615 suo
1562 2580 1634 2625 ψΦ
1663 2589 1728 2614 suo

213 2642 310 2673 statu
334 2650 359 2684 g
456 2639 498 2674 16
523 2641 646 2674 nostra
672 2651 705 2684 ψ
731 2641 870 2674 nostras
895 2643 958 2674 cet.
983 2642 1142 2674 nostram
1166 2650 1190 2684 ς
1291 2638 1492 2684 apostolica
1516 2649 1550 2683 ψ
1575 2637 1729 2683 apostoli

212 2702 276 2732 cet.
373 2698 554 2732 sententia
579 2708 613 2743 ψ
637 2698 835 2732 sententias
862 2702 924 2733 cet.
951 2698 1167 2733 sententiam
1184 2709 1210 2742 g
1304 2697 1423 2732 fratris
1453 2697 1485 2731 Φ
1533 2696 1576 2730 17
1602 2695 1727 2730 scient.

212 2766 257 2800 ψ,
284 2755 370 2790 add.
396 2756 489 2790 enim
516 2760 577 2791 cet.
690 2756 731 2790 19
759 2758 844 2791 astr.
874 2756 904 2791 (J
925 2757 1049 2792 iuncta
1074 2756 1112 2791 D
1137 2756 1260 2791 uincta
1283 2755 1321 2790 Β
1428 2755 1472 2791 20
1499 2755 1574 2790 eius
1600 2765 1666 2790 om.
1696 2755 1730 2788 Φ

212 2813 331 2857 legere
360 2815 392 2847 Φ
462 2814 505 2848 21
534 2814 563 2848 si
587 2825 615 2849 s.
643 2814 665 2849 l.
691 2826 726 2860 ψ
821 2815 971 2849 alterum
1003 2814 1069 2849 ΦΟ
1137 2815 1183 2850 22
1208 2815 1245 2849 in
1270 2824 1336 2849 om.
1358 2826 1391 2859 ψ
1487 2816 1524 2848 et
1548 2813 1676 2847 mulier
1692 2813 1727 2847 B

215 2871 375 2916 adligata
403 2872 435 2907 G
461 2872 576 2917 ligata
605 2873 637 2907 Φ
