1884 3254
647 232 857 279 Epistula
881 233 1029 268 XXXIX
1054 233 1147 268 3—4
1580 239 1663 279 301

140 363 300 406 salon!
334 363 447 418 quis
481 363 632 415 dabit,
666 365 721 406 ut
750 364 935 406 moriar
971 376 1056 418 pro
1089 365 1150 416 te,
1183 363 1479 416 Abessalon,
1518 365 1664 408 filius

138 435 318 485 1neus‘?‚
344 435 683 489 Moysi-quoque
716 436 758 478 et
787 434 925 477 Aaron
953 435 1189 489 ceterisque
1223 438 1462 479 sanctorum
1497 437 1665 479 sollem-

138 506 203 549 nis
249 506 304 549 sit
347 507 491 548 luctus
537 505 792 548 exhibitus?
836 506 1050 560 perfacilis
1097 507 1149 549 ad
1192 507 1276 549 ista
1319 508 1538 562 responsio
1582 510 1664 551 est:

135 578 294 620 luxisse
325 577 451 620 Iacob
483 575 634 629 filium,
667 589 792 630 quem
823 577 1002 632 putabat
1035 578 1236 629 occisum,
1263 578 1315 620 ad
1347 591 1472 632 quem
1505 580 1548 620 et
1572 578 1662 633 ipse

96 661 114 690 5
138 650 226 691 erat
257 648 310 690 ad
341 648 550 690 infernum
583 647 861 691 descensurus
889 647 1052 690 dicens:
1087 648 1385 692 descendam
1411 648 1468 691 ad
1493 649 1662 691 filium

74 1015 109 1043 10

74 1370 110 1399 15

135 732 293 761 meum
330 719 511 774 lugens
550 718 599 760 in
636 718 899 769 infernum,
934 718 1032 773 quia
1063 719 1245 762 necdum
1276 719 1462 773 paradisi
1492 719 1662 762 ianuam

135 790 330 833 Christus
375 789 607 845 effregerat,
647 789 826 832 necdum
871 789 1109 832 flammeam
1151 790 1270 833 illam
1307 791 1576 845 romphaeam
1622 794 1665 834 et

133 862 385 916 uertiginem
416 860 746 914 praesidentium
777 861 978 903 cherubin
1012 861 1185 917 sanguis
1218 862 1309 904 eius
1348 862 1576 904 extinxerat
1605 887 1663 892 ——

133 932 244 974 unde
276 934 318 974 et
347 931 575 983 Abraham,
606 931 709 973 licet
738 931 780 973 in
812 932 906 974 loco
938 931 1157 987 refrigerii,
1190 933 1332 974 tamen
1364 932 1476 987 apud
1506 932 1662 975 inferos

134 1015 230 1046 cum
244 1003 398 1045 Lazaro
421 1002 620 1045 scribitur
633 1027 703 1054 —-,
719 1005 762 1045 et
775 1002 914 1045 Dauid
928 1003 1041 1045 iuste
1061 1002 1234 1046 fleuisse
1247 1002 1383 1044 filium
1397 1002 1662 1057 parricidam,

135 1075 207 1128 qui
227 1074 357 1117 alium
377 1075 616 1128 paruulum,
637 1076 875 1128 postquam,
895 1075 946 1116 ut
963 1073 1143 1126 uiueret,
1163 1074 1374 1128 inpetrare
1399 1086 1480 1116 non
1507 1075 1660 1129 potuit,

134 1146 233 1199 quia
264 1145 426 1187 sciebat
456 1157 538 1187 non
562 1157 775 1199 peccasse,
802 1157 882 1187 non
908 1144 1043 1188 fleuit.
1070 1144 1120 1187 de
1144 1144 1286 1199 Moysi
1311 1157 1412 1187 uero
1439 1147 1482 1188 et
1505 1145 1660 1198 Aaron,

135 1216 245 1270 quod
278 1215 338 1258 eis
371 1228 418 1258 ex
449 1215 583 1258 ueteri
610 1228 725 1258 more
752 1215 809 1258 sit
838 1215 1033 1270 planctus
1066 1215 1291 1268 exhibitus,
1317 1229 1399 1258 non
1425 1216 1661 1258 mirandum

134 1288 211 1337 est,
245 1300 342 1329 cum
374 1288 417 1329 et
446 1286 489 1328 in
514 1286 693 1329 Actibus
726 1287 1013 1340 apostolorum
1045 1287 1130 1329 iam
1163 1287 1382 1341 euangelio
1415 1290 1662 1330 coruscante

135 1357 347 1412 Stephano
379 1357 556 1400 fecerint
585 1357 906 1411 Hierosolymae
939 1357 1088 1399 fratres
1126 1357 1343 1411 planctum
1381 1370 1582 1413 magnum
1621 1361 1663 1400 et

131 1428 280 1483 utique
310 1429 505 1483 planctus
538 1441 716 1484 magnus
749 1441 832 1470 non
864 1428 906 1470 in
937 1428 1231 1484 plangentium
1265 1428 1582 1480 exanimatione,
1613 1430 1663 1470 ut

132 1502 179 1542 tu
217 1500 431 1551 aestimas,
471 1499 546 1542 sed
581 1500 624 1541 in
662 1511 818 1554 pompa
854 1499 1012 1541 funeris
1052 1501 1095 1542 et
1126 1499 1395 1554 exequiarum
1426 1499 1662 1554 frequentia

131 1570 441 1626 intellegendus
474 1571 540 1613 sit.
573 1570 753 1625 denique
786 1570 836 1613 de
868 1570 994 1613 Iacob
1028 1570 1238 1624 scriptura
1270 1570 1330 1613 sic
1361 1570 1571 1624 loquitur:
1611 1571 1663 1612 et
1698 1575 1722 1609 4

134 1641 386 1684 ascendit
422 1641 619 1696 Ioseph
664 1641 904 1696 sepelire
947 1642 1154 1696 patrem
1200 1654 1351 1684 suum
1396 1642 1447 1683 et
1485 1653 1661 1683 ascen-

251 1816 272 1850 2
300 1815 346 1850 cf.
371 1815 481 1850 Deut.
507 1815 564 1856 34,
591 1814 624 1850 8.
650 1814 758 1850 Num.
784 1814 841 1857 20,
867 1814 912 1850 30
986 1816 1006 1851 5
1034 1813 1123 1850 Gen.
1150 1815 1207 1859 37,
1226 1814 1271 1850 35
1339 1815 1359 1849 7
1382 1814 1427 1850 cf.
1447 1813 1537 1850 Gen.
1558 1815 1591 1859 3,
1612 1815 1658 1851 24

132 1876 152 1909 9
180 1875 224 1910 cs.
250 1874 336 1910 Luc.
364 1874 420 1919 16,
446 1874 586 1910 22—31
688 1874 729 1910 11
758 1873 802 1909 cf.
828 1874 866 1909 11
889 1874 978 1920 Reg.
1008 1873 1062 1917 12,
1089 1874 1231 1909 20—23
1331 1874 1375 1908 14
1401 1874 1444 1909 cf.
1470 1873 1550 1909 Act.
1578 1874 1612 1916 8,
1637 1874 1660 1909 2

134 1935 176 1970 18
201 1933 310 1969 *cem
338 1935 394 1982 50,
423 1934 514 1969 7—8

179 2064 195 2097 1
225 2064 266 2097 ut
291 2073 358 2108 ego
386 2062 450 2097 ΣΒ
608 2062 661 2097 fili
685 2062 735 2097 mi
761 2061 910 2097 absalon
934 2072 960 2107 g
1114 2061 1287 2096 abesalon
1318 2061 1356 2096 Ψ
1378 2061 1528 2096 absalon
1554 2061 1659 2096 ΣΒΒ

130 2123 150 2157 2
178 2133 263 2158 aron
288 2121 333 2156 K
425 2121 634 2168 sollempnis
659 2123 774 2157 sanct.
798 2122 835 2156 Β
919 2121 1052 2156 sanctis
1082 2120 1149 2156 ΘΣ
1216 2121 1239 2155 4
1266 2122 1303 2155 et
1326 2121 1458 2156 luxisse
1482 2121 1519 2155 Β
1591 2121 1656 2166 fil.]

131 2181 217 2217 add.
243 2192 346 2217 suum
370 2182 407 2216 B
505 2183 541 2216 et
565 2192 632 2216 om.
658 2182 695 2216 Β
767 2181 789 2216 5
814 2182 894 2216 erat
919 2192 986 2218 om.
1012 2180 1103 2223 ΚΨ,
1124 2184 1211 2226 post
1237 2180 1471 2216 descensurus
1496 2180 1602 2225 ponit
1625 2179 1659 2216 G

131 2240 177 2276 ad
201 2240 335 2276 inferos
359 2241 392 2276 Σ
414 2244 454 2283 (8.
482 2241 534 2286 L),
558 2241 636 2276 DB
709 2240 938 2276 discensurus
963 2240 1089 2275 KDH'
1166 2239 1371 2275 discendam
1397 2239 1437 2274 K
1476 2249 1482 2254 ·
1511 2240 1530 2274 7
1556 2239 1657 2274 flam-

130 2311 247 2335 meum
272 2301 434 2336 Za.c.m2
457 2300 635 2336 flammam
661 2300 771 2335 Da.c.
866 2299 1040 2335 romfeam
1067 2299 1150 2334 KP
1171 2299 1381 2345 rumpheam
1407 2299 1447 2334 D
1470 2298 1659 2344 rumpham

129 2360 228 2395 Σα.ε.
301 2360 322 2395 8
349 2361 456 2406 uert.]
483 2359 689 2395 uersatilem
713 2359 822 2405 Kp.c.
848 2358 1019 2395 uersatile
1050 2358 1087 2394 Ψ
1160 2358 1428 2405 praesidentem
1453 2358 1486 2393 Σ
1560 2369 1658 2393 ceru-

129 2419 191 2454 bin
218 2420 381 2455 Za.c.m2
407 2419 575 2466 cerubym
598 2419 760 2464 Zp.c.m2
856 2419 1086 2465 extinguerat
1109 2418 1216 2454 Ba.c.
1242 2418 1458 2453 restinxerat
1485 2417 1519 2452 G
1573 2418 1594 2452 9
1622 2419 1659 2452 et

129 2490 196 2516 om.
222 2479 260 2514 Ψ
328 2479 387 2514 lic.
407 2479 446 2514 in
464 2479 560 2525 loco]
587 2479 667 2514 loco
686 2479 744 2514 lic.
764 2479 801 2514 B
873 2479 910 2514 in
930 2479 1010 2514 loco
1030 2478 1068 2513 in
1087 2478 1131 2513 K
1178 2477 1222 2513 10
1244 2478 1405 2514 eleazaro
1425 2477 1468 2512 K
1472 2476 1659 2519 Paean&

129 2538 218 2575 add.
243 2538 354 2574 fuisse
378 2550 403 2584 g
498 2539 603 2574 flesse
628 2538 664 2572 B
758 2538 974 2584 parricidam
999 2549 1028 2573 s.
1055 2538 1078 2573 l.
1106 2538 1139 2573 Σ
1207 2538 1247 2573 11
1278 2539 1319 2572 ut
1343 2547 1410 2573 om.
1437 2537 1481 2571 K
1486 2536 1521 2571 Ψ
1602 2536 1657 2571 ui-

130 2599 246 2643 ueret]
273 2597 369 2633 uidit
394 2599 479 2643 quia
499 2598 567 2633 ΣΒ
618 2598 661 2632 12
686 2597 801 2643 moysi
823 2597 858 2633 G
883 2599 942 2641 (ex
964 2598 1081 2642 mosi),
1106 2597 1187 2632 KD
1212 2607 1336 2642 moyse
1362 2599 1425 2632 cet.
1477 2595 1519 2630 13
1547 2594 1655 2640 quod]

129 2660 170 2692 ut
195 2657 279 2692 KP
372 2657 421 2692 sit
445 2668 544 2693 more
570 2657 602 2692 Σ
696 2657 740 2692 14
766 2658 803 2692 et
828 2667 896 2693 om.
921 2657 1005 2692 K'I'
1110 2657 1201 2692 actis
1226 2667 1250 2700 ς
1358 2655 1592 2690 choruscante
1623 2652 1657 2688 G

132 2718 174 2751 15
193 2716 454 2762 hyerosolimae
477 2716 511 2752 G
530 2716 770 2752 iherosolimis
788 2716 825 2752 Β
876 2716 920 2752 16
941 2716 1092 2752 exanim.
1116 2715 1187 2751 GB
1207 2715 1357 2750 examin.
1379 2718 1440 2750 cet.
1493 2714 1535 2748 17
1550 2712 1654 2757 aest]

129 2777 236 2821 putas
261 2787 285 2820 g
359 2776 403 2811 18
429 2775 567 2820 script]
594 2775 766 2811 scribitur
790 2775 858 2820 bac
882 2775 922 2811 D
1019 2775 1084 2821 sic]
1111 2775 1142 2810 si
1168 2773 1372 2810 Za.c.m2D
1461 2773 1503 2807 19
1530 2781 1655 2807 ascen-

130 2834 191 2869 det
215 2834 254 2868 D
349 2834 516 2879 sepellire
543 2834 578 2870 G
