1940 3260
715 299 924 346 Epistula
949 300 1063 336 LXIX
1089 300 1181 337 8-9
1620 305 1705 347 697

182 428 381 482 obposuit
405 428 576 478 bonum,
602 429 651 470 ut
676 429 926 471 temulentia
952 432 994 471 et
1018 432 1079 472 ira
1104 429 1312 473 modestia
1336 430 1576 475 refrenetur.
1609 445 1705 475 non

182 498 510 554 litigiosum,
535 511 633 540 non
661 510 898 541 auarum:
926 499 1030 541 nihil
1056 499 1166 542 enim
1192 500 1450 555 inpotentius
1470 502 1706 557 arrogantia

180 568 450 620 rusticorum,
501 568 573 622 qui
623 569 915 624 garrulitatem
959 570 1253 613 auctoritatem
1294 573 1446 626 putant
1489 574 1531 614 et
1572 572 1706 626 parati

183 652 349 694 semper
379 639 432 681 ad
457 639 555 682 lites
588 639 628 681 in
656 639 897 682 subiectum
923 640 1006 683 sibi
1033 653 1203 696 gregem
1235 641 1411 684 tumidis
1444 642 1708 685 sermonibus

137 721 156 748 5
181 712 340 753 tonant.
375 710 595 753 auaritiam
626 710 667 752 in
701 711 917 754 sacerdote
949 711 1163 753 uitandam
1190 714 1233 754 et
1258 711 1428 755 Samuel
1453 712 1577 755 docet
1600 713 1706 755 nihil

181 792 320 823 coram
363 781 520 835 populo
559 781 765 835 eripuisse
804 794 848 823 se
887 781 1084 836 cuiquam
1122 782 1303 836 probans
1341 785 1384 825 et
1419 784 1703 838 apostolorum

180 853 420 906 paupertas,
458 852 531 906 qui
561 852 777 907 refrigeria
808 854 1055 907 sumptuum
1088 865 1112 894 a
1141 852 1342 896 fratribus
1375 853 1635 908 accipiebant
1665 856 1707 896 et

181 924 347 976 praeter
382 921 546 964 uictum
583 924 711 975 atque
742 922 948 964 uestitum
979 922 1086 965 nihil
1117 935 1162 965 se
1194 923 1311 965 aliud
1340 935 1417 966 nec
1447 923 1600 966 habere
1631 937 1706 967 nec

182 993 292 1036 uelle
324 993 624 1049 gloriabantur.
663 1006 790 1047 quam
821 993 873 1035 ad
903 993 1174 1036 Timotheum
1207 994 1442 1045 auaritiam,
1480 994 1532 1036 ad
1562 995 1705 1038 Titum

120 1076 157 1104 ιο
181 1062 318 1118 turpis
360 1062 467 1105 lucri
511 1063 787 1117 cupiditatem
831 1063 1098 1117 apertissime
1135 1066 1267 1107 notat.
1311 1063 1517 1107 domum
1562 1078 1705 1108 suam
1744 1070 1767 1104 3

182 1135 313 1176 bene
350 1136 646 1188 regentem:
678 1146 759 1176 non
797 1137 846 1176 ut
883 1147 984 1189 opes
1023 1137 1190 1190 augeat,
1229 1147 1309 1176 non
1340 1137 1390 1177 ut
1419 1135 1557 1190 regias
1588 1140 1707 1190 paret

183 1204 344 1259 epulas,
374 1217 454 1247 non
486 1193 536 1246 ut
567 1205 748 1247 caelatas
780 1204 944 1259 patinas
977 1207 1114 1248 struat
1145 1207 1187 1247 et
1212 1204 1416 1248 Phasides
1449 1217 1549 1248 aues
1579 1205 1706 1248 lentis

180 1276 410 1331 uaporibus
448 1278 614 1330 coquat,
650 1276 722 1330 qui
760 1276 812 1318 ad
845 1288 940 1319 ossa
971 1276 1220 1331 perueniant
1251 1279 1293 1318 et
1324 1275 1588 1331 superficiem
1621 1289 1707 1319 car-

179 1348 296 1390 nium
321 1359 403 1390 non
430 1346 668 1389 dissoluant
692 1346 841 1388 artifici
859 1348 1202 1402 temperamento,
1228 1346 1302 1389 sed
1322 1349 1383 1397 ut,
1405 1347 1518 1401 quod
1536 1347 1706 1402 populis

122 1431 158 1459 15
179 1418 498 1473 praedicaturus
536 1419 611 1469 est,
647 1417 765 1472 prius
798 1430 821 1459 a
852 1417 1099 1460 domesticis
1136 1418 1288 1474 exigat.
1325 1417 1482 1460 filios
1519 1418 1702 1460 haben-

181 1491 286 1531 tem
318 1487 572 1531 subditos
599 1500 712 1530 cum
739 1488 878 1530 omni
904 1488 1191 1531 castitate:
1224 1500 1274 1530 ne
1302 1488 1468 1531 scilicet
1491 1488 1708 1531 imitentur

182 1559 292 1602 filios
329 1559 442 1613 Heli,
479 1559 548 1613 qui
587 1558 629 1600 in
666 1558 882 1601 uestibulo
920 1558 1071 1612 templi
1109 1571 1202 1601 cum
1242 1558 1492 1601 mulieribus
1531 1558 1736 1602 domic--

182 1631 284 1672 bant
325 1631 367 1672 et
405 1620 651 1685 religionem
687 1629 885 1685 praedam
922 1631 1134 1684 putantes,
1179 1629 1385 1684 quidquid
1422 1630 1630 1684 optimum
1665 1629 1707 1672 in

182 1700 333 1744 hostiis
366 1703 468 1751 erat,
499 1700 542 1742 in
569 1713 670 1743 suas
695 1700 868 1743 delicias
895 1700 1207 1743 conuertebant.
1239 1713 1338 1743 non
1370 1701 1709 1755 neophytum,
1747 1706 1771 1740 4

123 1769 161 1815 2'0
186 1784 244 1814 ne
269 1772 319 1813 in
349 1771 658 1826 superbiam
684 1771 863 1813 elatus
883 1771 935 1813 in
960 1770 1225 1814 iudicium
1247 1771 1459 1813 incidat
1479 1770 1708 1813 diaboli:

183 1842 323 1884 mirari
362 1842 466 1885 satis
503 1854 584 1884 non
623 1854 746 1895 queo,
791 1854 898 1896 quae
935 1841 1154 1884 hominum
1190 1843 1308 1884 tanta
1344 1841 1402 1884 sit
1438 1841 1619 1884 caecitas
1659 1840 1709 1883 de

183 1914 382 1956 uxoribus
415 1915 510 1955 ante
541 1912 801 1968 baptismum
833 1912 1046 1967 disputare
1079 1915 1121 1954 et
1145 1925 1231 1955 rem
1257 1912 1298 1954 in
1324 1912 1578 1968 baptismate
1603 1924 1710 1954 mor-

3 1805 11 1812 ·
4 1758 14 1794 -·«,
2 1656 13 1751 wau-ms·
2 1525 14 1649 ae-v-“v-n-
2 1474 17 1513 *w

3 2033 7 2040 ¹
1 1842 16 1988 ²·'⁴¹m?·.-*·52-'-

305 2087 323 2122 1
351 2086 393 2121 *Ι
417 2085 508 2121 Tim.
535 2086 568 2128 3,
594 2086 615 2121 3
683 2086 705 2120 5
733 2085 775 2121 cf.
801 2085 819 2119 I
843 2085 932 2131 Reg.
962 2085 1016 2128 12,
1044 2084 1136 2120 1-5
1204 2085 1225 2120 8
1252 2083 1296 2120 cf.
1321 2084 1338 2119 I
1363 2083 1454 2119 Tim.
1474 2085 1508 2128 6,
1527 2084 1548 2120 8
1617 2085 1638 2120 9
1665 2084 1709 2120 cf.

183 2145 201 2180 I
226 2145 316 2180 Tim.
343 2145 376 2189 3,
403 2145 424 2180 3
451 2147 488 2179 et
513 2145 585 2180 Tit.
613 2145 646 2188 1,
672 2145 691 2179 7
780 2144 824 2179 10
850 2144 891 2179 *Ι
916 2143 1006 2180 Tim.
1033 2143 1066 2186 3,
1090 2145 1113 2179 4
1202 2143 1244 2179 15
1271 2144 1288 2178 1
1313 2143 1403 2179 Tim.
1429 2143 1463 2188 3,
1489 2144 1511 2178 4
1594 2143 1635 2178 17
1664 2143 1708 2179 cf.

183 2204 202 2239 1
226 2203 315 2249 Reg.
343 2214 373 2239 c.
399 2204 420 2239 2
496 2204 540 2239 19
566 2203 583 2238 Ι
610 2203 700 2238 Tim.
727 2203 759 2247 3,
786 2203 807 2238 6

235 2299 252 2334 1
281 2297 451 2344 adposuit
475 2297 580 2333 LZD
675 2297 902 2332 refrenentur
920 2297 1054 2342 Zp.cB
1126 2296 1148 2331 2
1175 2296 1268 2331 enim
1293 2296 1344 2331 W
1365 2298 1422 2331 est
1446 2299 1507 2332 cet.
1604 2297 1708 2342 inpu-

186 2357 329 2394 dentius
353 2357 390 2392 B
480 2357 502 2392 5
525 2358 656 2392 tonant
680 2367 725 2392 ex
751 2357 949 2392 consonant
973 2355 1073 2390 m2B
1168 2354 1331 2391 samuhel
1356 2355 1541 2400 LZ'11.c.‚D
1625 2356 1646 2391 6
1672 2367 1710 2390 se

185 2428 213 2452 8.
242 2417 265 2452 l.
290 2417 342 2461 B,
363 2427 431 2452 om.
456 2415 492 2451 L
589 2416 608 2450 7
635 2414 836 2461 accipiebat
861 2415 956 2450 Σα.ε.
1053 2414 1075 2449 9
1101 2413 1325 2460 gloriabatur
1348 2414 1446 2451 Zac.
1556 2414 1621 2449 alt.
1647 2413 1707 2458 adl

187 2478 226 2511 at
251 2475 297 2510 W
346 2475 387 2510 11
416 2474 515 2520 opes]
541 2474 788 2520 possessiones
813 2474 849 2509 B
921 2474 1024 2519 parat
1044 2473 1083 2508 D
1132 2473 1175 2508 12
1202 2476 1351 2518 patenas
1376 2472 1712 2518 LWp.0.m.2‚2[)B

186 2536 343 2570 instruat
367 2533 615 2575 LZ',Ba.c.m2
711 2533 759 2578 etl
785 2544 856 2568 non
883 2534 924 2568 ut
947 2544 971 2579 g
1072 2531 1215 2577 pasides
1241 2534 1275 2575 (e
1301 2542 1345 2568 ex
1369 2532 1382 2567 i
1407 2534 1483 2576 m2)
1509 2532 1558 2567 W
1578 2531 1711 2567 sasides

188 2597 271 2637 cet..
374 2593 416 2628 13
443 2593 600 2637 coquant
629 2589 679 2627 W
701 2594 803 2627 cocat
827 2591 863 2625 B
1000 2590 1278 2637 supe1·ficie(—iae
1292 2590 1340 2635 L)
1354 2590 1428 2626 LD
1452 2590 1658 2636 superficies
1684 2590 1718 2625 Σ

188 2651 304 2687 carnis
328 2662 352 2695 ς
426 2651 470 2686 14
496 2650 639 2686 artificii
663 2650 700 2686 Β
795 2651 1083 2696 temporamento
1115 2649 1166 2684 W
1187 2649 1420 2695 temperando
1446 2649 1592 2693 L‚2·a.c.
1671 2654 1710 2684 ut

187 2722 215 2746 s.
243 2711 267 2746 l.
294 2710 331 2755 Σ,
358 2720 426 2746 om.
443 2709 486 2744 rL
628 2709 761 2755 populo
787 2708 822 2744 L
925 2709 968 2743 15
994 2707 1265 2754 praedicaturus
1296 2707 1347 2742 W
1367 2709 1621 2754 praecepturus
1647 2711 1712 2743 cet.

191 2770 234 2805 16
259 2780 325 2805 nec
350 2768 455 2804 Lam
555 2769 596 2803 17
625 2768 681 2814 ely
706 2768 743 2803 B
769 2767 815 2803 eli
840 2779 864 2813 g
978 2766 1180 2802 dormiebat
1204 2767 1243 2802 D
1340 2766 1383 2802 18
1411 2766 1581 2812 quicquid
1607 2766 1711 2802 ΣΒΒ

192 2829 235 2864 19
261 2839 378 2863 nonne
405 2826 567 2873 ophitum
599 2826 682 2862 WB
708 2837 824 2862 nonne
851 2826 975 2862 ofitum
1001 2825 1076 2861 LD
1100 2836 1218 2861 nonne
1245 2825 1383 2860 offitum
1409 2825 1441 2860 Σ
1510 2825 1556 2862 20
1580 2825 1648 2860 inc.
1675 2825 1710 2859 in

189 2888 263 2923 iud.
295 2886 346 2923 W
409 2887 460 2932 22
488 2886 649 2933 disputat
674 2886 713 2921 D

3 3011 13 3052 ‘r

3 3062 10 3105 i

3 3126 13 3150 t

2 3152 14 3226 ζ

3 3227 14 3260 Ε
