1884 3254
279 289 366 331 404
823 284 974 320 Sancti
999 283 1252 330 Hieronymi

280 408 356 460 aut
384 429 488 471 quae
521 427 689 469 corpora
721 413 973 468 contegebat
1002 412 1135 455 Adam
1174 415 1217 455 et
1247 413 1337 456 Eua
1374 413 1486 456 foliis
1525 414 1644 466 ficus,
1683 417 1798 470 post-

218 493 242 527 4
279 501 403 543 quam
429 486 698 529 comederunt
728 484 779 527 de
805 484 950 526 arbore
974 485 1146 526 uetata‘?
1172 483 1268 538 quis
1294 486 1436 527 autem
1460 484 1668 538 patienter
1690 485 1801 528 ferat

280 559 502 613 Origenem
552 555 725 598 lubricis
780 555 1214 610 argumentationibus
1261 555 1608 598 resurrectionem
1663 556 1798 598 carnis

280 628 406 669 huius
450 629 685 681 negantem,
730 625 843 668 sicut
883 624 1068 667 declarat
1109 625 1456 669 manifestissime
1499 626 1540 667 in
1583 626 1799 669 uolumine

279 697 625 751 Explanationum
659 695 784 749 primi
815 695 967 750 psalmi
993 698 1036 738 et
1060 690 1228 738 in'aliis
1261 696 1408 738 multis
1439 696 1575 739 locis?
1606 699 1681 739 ant
1704 697 1799 751 quis
1840 709 1860 738 5

278 768 422 810 audiat
451 768 492 809 in
524 767 648 809 tertio
681 768 797 808 caelo
829 766 1054 809 donantem
1085 767 1205 809 nobis
1232 766 1456 823 Origenem
1487 767 1728 822 paradisum
1759 769 1803 810 et

278 839 413 889 illum,
458 851 583 892 quem
627 838 836 892 scriptura
883 839 1198 889 commemorat,
1243 837 1295 880 de
1342 840 1454 880 terra
1501 838 1553 881 ad
1602 837 1802 880 caelestia

278 910 595 951 transferentem
639 911 681 950 et
723 921 869 951 omnes
912 908 1095 960 arbores,
1133 921 1239 963 quae
1275 909 1516 951 scribuntur
1550 909 1593 951 in
1632 907 1801 959 Genesi,

279 980 502 1034 allegorice
531 979 863 1034 intellegentem,
901 979 1067 1022 seilicet
1098 979 1209 1034 quod
1241 979 1409 1022 arbores
1441 979 1656 1035 angelicae
1685 978 1804 1022 forti·

219 1060 242 1088 5
280 1051 447 1092 tudines
480 1050 575 1102 sint,
607 1062 703 1092 cum
737 1049 816 1092 hoc
846 1050 1004 1092 ueritas
1035 1062 1117 1092 non
1149 1050 1356 1105 recipiat?
1388 1063 1523 1104 neque
1555 1050 1666 1092 enim
1698 1049 1804 1094 dixit
1825 1061 1863 1090 1ο

281 1121 487 1175 scriptura
530 1120 691 1163 diuina:
729 1120 943 1175 ‘deposuit
977 1120 1110 1163 Adam
1155 1123 1199 1163 et
1234 1121 1368 1163 Euam
1406 1120 1449 1163 in
1486 1123 1668 1173 terram’,
1705 1120 1802 1164 sed:

280 1191 446 1234 eiecit
470 1191 614 1233 eosde
634 1191 912 1246 paradiso;
933 1193 994 1234 et:
1015 1191 1264 1234 habitare
1290 1191 1427 1234 fecit
1445 1194 1634 1235 contra
1659 1203 1803 1246 para-

279 1262 467 1312 disum,
500 1264 543 1304 et
573 1274 654 1304 non
686 1261 855 1304 ‘abiecit
885 1260 967 1304 eos
991 1262 1070 1304 sub
1102 1262 1329 1316 paradiso’;
1362 1265 1422 1304 et:
1455 1262 1645 1316 posuit
1673 1275 1802 1304 rum-

280 1333 464 1387 pheam
491 1332 791 1374 flammeam
825 1334 876 1375 et
907 1332 1166 1375 cherubin
1200 1333 1480 1379 custodire
1511 1334 1802 1376 introitum

279 1404 418 1458 ligni
447 1404 609 1453 uitae,
637 1405 679 1445 et
704 1396 1077 1454 non‘ascensum’3
1106 1406 1164 1446 et:
1190 1404 1404 1446 fluuius
1431 1404 1714 1460 egreditur
1744 1416 1801 1446 ex
1825 1413 1863 1442 1⁵

280 1475 434 1526 Eden,
479 1487 559 1517 non
598 1474 703 1517 dixit
739 1474 971 1517 ‘descendit
1007 1488 1055 1517 ex
1091 1475 1234 1517 Eden’.
1283 1475 1392 1518 iste
1437 1475 1711 1517 diuiditur
1750 1475 1804 1517 in

282 1548 541 1599 quattuor
582 1545 880 1600 principia:
920 1559 1106 1588 nomen
1147 1546 1234 1588 uni
1274 1546 1475 1589 Phison
1520 1548 1572 1588 et
1614 1558 1803 1588 nomen

219 1624 243 1658 6
282 1616 503 1659 secundi
537 1616 695 1660 Geon.
729 1629 821 1672 eg0‚
855 1629 933 1672 ego
965 1617 1055 1659 uidi
1088 1630 1218 1672 aquas
1254 1617 1387 1668 Geon,
1422 1630 1565 1672 aquas,
1599 1611 1703 1671 quas
1735 1617 1802 1658 his

281 1688 415 1730 oculis
430 1688 565 1730 carnis
580 1688 824 1741 aspicerem.
836 1687 918 1731 iste
933 1691 1000 1731 est
1013 1688 1143 1738 Geon,
1160 1701 1284 1742 quem
1300 1688 1535 1730 Hieremias
1549 1687 1807 1730 demonstrat

281 1758 442 1801 dicens:
464 1759 591 1813 quid
616 1759 773 1801 uobis
801 1761 852 1801 et
877 1758 998 1801 uiae
1022 1758 1272 1814 Aegypti,
1299 1760 1357 1801 ut
1379 1758 1590 1801 bibatis
1616 1770 1800 1812 aquam
1825 1768 1864 1798 zo

282 1827 423 1872 Geon
461 1830 762 1872 turbidam?
793 1829 884 1872 bibi
921 1832 964 1872 et
995 1829 1046 1872 de
1077 1843 1229 1885 magno
1267 1830 1440 1887 flumine
1471 1829 1644 1872 Eufrate
1677 1842 1805 1884 aquas
1859 1841 1863 1844 ·

281 1900 543 1954 simpliciter,
577 1913 681 1955 quas
713 1914 840 1944 manu
877 1902 1093 1956 tangerem
1125 1903 1168 1942 et
1200 1913 1268 1944 ore
1307 1901 1524 1951 sorbirem,
1556 1913 1637 1943 non
1675 1912 1805 1954 aquas

403 2028 419 2063 1
448 2027 494 2064 cf.
521 2027 610 2064 Gen.
639 2028 671 2071 3,
697 2028 717 2063 7
818 2015 874 2063 1'2.
901 2028 944 2063 13
971 2027 1084 2063 *eam
1110 2029 1144 2073 3,
1169 2028 1216 2063 24
1314 2029 1358 2064 15
1384 2026 1499 2063 *sem
1523 2027 1560 2072 2,
1586 2028 1737 2063 10-11.
1763 2028 1808 2062 13
1882 2038 1884 2040 ·

281 2087 328 2123 20
352 2086 471 2124 *Hier.
495 2087 529 2131 2,
557 2087 600 2123 18

332 2171 347 2204 1
377 2172 451 2215 aut]
478 2172 519 2205 ut
543 2170 620 2205 AD
717 2171 822 2215 quae]
851 2169 939 2216 quid
963 2170 1000 2205 A
1023 2170 1082 2216 (ex
1107 2170 1168 2215 qui
1193 2170 1265 2216 m2)
1375 2168 1621 2214 contegebant
1643 2168 1808 2214 Ap.c.m2
1879 2161 1884 2195 ῗ

281 2230 304 2263 2
330 2229 501 2264 commed.
521 2229 589 2265 AS
658 2232 785 2265 uetata.
803 2229 1009 2265 Aa.c.m2D
1033 2230 1150 2264 uetita
1176 2233 1239 2264 cet.
1290 2230 1311 2264 5
1338 2240 1391 2274 pr.
1416 2240 1470 2275 ps.
1497 2228 1759 2274 expositionum
1779 2227 1810 2262 S
1880 2270 1884 2275 ·

281 2289 304 2323 6
331 2288 463 2323 audeat
487 2289 562 2323 AD
683 2289 841 2324 donante
865 2289 905 2324 D
1000 2289 1022 2324 8
1048 2288 1288 2324 transferente
1313 2288 1353 2323 D
1473 2290 1510 2323 et
1533 2288 1569 2323 B
1593 2288 1634 2323 in
1658 2299 1725 2333 my.
1749 2290 1810 2322 m2
1880 2277 1884 2284 ⁴

281 2347 420 2382 arboris
445 2348 648 2383 Aa.c.m2D
750 2349 875 2393 genesi
901 2348 932 2383 si
957 2348 1033 2383 AD
1056 2347 1181 2393 genesi
1206 2348 1256 2383 sic
1279 2360 1305 2394 ς
1405 2347 1427 2382 9
1452 2347 1708 2392 intellegentes
1734 2346 1826 2389 AD,

284 2405 381 2451 quod
406 2407 545 2442 scilicet
568 2418 592 2451 g
664 2407 800 2442 arboris
825 2406 1034 2442 Aa.c.m2D
1111 2406 1337 2441 fortitudinis
1362 2406 1439 2442 AD
1489 2407 1533 2442 10
1558 2405 1710 2451 recipiet
1733 2405 1810 2440 AD

285 2466 326 2500 11
355 2464 452 2510 dep.]
480 2464 564 2500 add.
592 2465 679 2500 deus
703 2477 728 2510 g
790 2466 833 2500 12
859 2466 959 2511 fecit]
986 2466 1071 2501 add.
1098 2477 1158 2501 eos
1182 2477 1208 2510 ς
1275 2466 1318 2501 13
1338 2476 1397 2510 pr.
1425 2467 1462 2500 et
1485 2476 1554 2500 om.
1577 2475 1603 2510 ς
1674 2467 1712 2500 et
1736 2475 1808 2499 non

282 2525 325 2559 in
348 2535 422 2560 ras.
447 2524 543 2559 maB
615 2524 748 2559 abiecit
771 2525 813 2559 in
837 2536 912 2560 ras.
937 2526 1033 2560 mee
1060 2525 1194 2560 adiecit
1212 2524 1288 2560 AD
1312 2524 1421 2560 eiecit
1440 2523 1471 2560 S
1493 2524 1545 2559 ait
1560 2535 1586 2569 ς
1611 2535 1672 2559 eos
1697 2534 1766 2559 om.
1783 2535 1809 2568 ς

282 2582 490 2628 rompheam
515 2582 747 2627 Ap.c.m2BS
818 2583 861 2618 14
886 2583 1048 2619 flameam
1074 2584 1111 2618 B
1189 2583 1371 2618 cherubim
1395 2595 1420 2628 g
1493 2583 1537 2618 15
1563 2585 1600 2618 et
1624 2583 1711 2627 non]
1736 2593 1807 2617 non

283 2640 374 2676 dixit
390 2653 415 2686 ς
487 2641 740 2686 egrediebatur
757 2653 782 2686 g
844 2643 886 2677 16
906 2653 967 2686 pr.
993 2646 1025 2677 et
1051 2643 1115 2678 alt.
1142 2641 1242 2677 edem
1264 2640 1332 2677 AS
1393 2642 1433 2676 17
1454 2641 1589 2687 physon
1610 2640 1642 2677 S
1663 2641 1752 2676 fison
1772 2641 1807 2675 A

285 2700 329 2735 18
343 2699 498 2735 secundo
513 2699 679 2735 Ba.c.m2
692 2711 810 2735 secum
824 2700 837 2734 i
852 2700 958 2735 Da.c.
1007 2712 1066 2745 pr.
1083 2699 1299 2745 ego-Goon
1315 2711 1382 2735 om.
1397 2699 1429 2735 S
1480 2710 1560 2735 ecce
1574 2710 1641 2744 ego
1655 2700 1690 2734 B
1704 2709 1771 2745 ego
1783 2710 1808 2744 ς

284 2759 428 2804 quasin
440 2770 506 2805 my.
520 2758 555 2793 B
607 2760 649 2794 19
664 2760 801 2794 carneis
816 2770 868 2794 oc.
880 2771 905 2803 g
977 2761 1135 2805 aspicere
1149 2759 1189 2794 D
1200 2761 1321 2806 'aspexi
1334 2770 1360 2804 ς
1430 2759 1578 2794 iherem.
1591 2758 1622 2794 S
1637 2758 1759 2793 ierem.
1772 2758 1807 2792 B

283 2818 331 2852 20
356 2818 489 2853 uiuatis
514 2818 554 2853 D
607 2819 650 2854 21
679 2818 755 2853 uiui
780 2818 819 2853 D
892 2818 1054 2853 eufraten
1082 2818 1193 2853 ADB
1218 2818 1391 2854 euffraten
1419 2818 1450 2853 S
1500 2818 1547 2852 22
1571 2818 1693 2862 manu]
1718 2816 1805 2852 add.

285 2880 387 2922 potes
399 2888 423 2922 ς
482 2879 633 2923 tangere
647 2877 709 2922 Dg
770 2879 807 2912 et
819 2888 888 2912 om.
901 2888 926 2921 g
985 2878 1122 2912 soreii-e
1137 2878 1175 2913 D
1188 2877 1369 2913 sorberem
1384 2877 1613 2922 ABp.c.m28
1625 2875 1769 2911 sorbere
1781 2886 1806 2920 ς
