1884 3254
263 249 347 291 322
806 245 958 281 Sancti
983 245 1237 290 Hieronymi

946 373 1093 416 XLIV.

786 467 861 509 AD
893 466 1253 509 MARCELLAM.

202 565 220 600 1
319 565 375 607 Ut
419 563 650 606 absentiam
694 573 915 615 corporum
966 560 1140 614 spiritus
1190 560 1527 603 confabulatione
1579 561 1776 610 solemur,

258 635 384 677 faciat
416 633 720 687 unusquisque,
748 631 860 685 quod
884 631 1120 687 praeualet„
1139 643 1218 673 uos
1245 631 1353 673 dona
1375 630 1678 684 transmittitis,
1702 643 1779 674 nos

257 705 462 760 epistulas
492 702 750 746 remittimus
783 701 1027 756 gratiarum,
1053 701 1113 743 ita
1143 703 1299 752 tamen,
1325 704 1386 754 ut,
1414 701 1513 756 quia
1542 702 1779 744 uelatarum
1820 709 1840 738 ⁶

257 775 469 830 uirginum
499 785 654 815 munus
687 774 765 823 est,
798 772 942 826 aliqua
970 771 1012 813 in
1038 772 1144 826 ipsis
1171 772 1434 815 munusculis
1461 785 1554 814 esse
1579 770 1782 827 mysteria

197 847 220 881 2
258 845 606 888 demonstremus.
627 855 775 885 saccus
803 843 1002 886 orationis
1030 843 1199 897 signum
1220 844 1346 897 atque
1365 843 1512 885 ieiunii
1533 844 1616 893 est3
1638 841 1779 894 sellae,

256 919 305 958 ut
339 916 450 958 foras
488 915 616 968 pedes
653 914 775 969 uirgo
812 925 894 955 non
930 916 1120 963 moueat;
1155 912 1276 963 cerei,
1316 916 1365 955 ut
1401 925 1576 956 accenso
1618 913 1778 956 lumine

257 986 400 1041 sponsi
448 987 690 1040 expectetur
744 984 972 1034 aduentus3
1018 983 1170 1026 calices
1226 983 1593 1026 mortificationem
1643 983 1778 1026 carnis

257 1056 482 1099 ostendunt
495 1058 538 1097 et
557 1067 722 1109 semper
735 1054 921 1096 animum
937 1053 989 1096 ad
1002 1054 1246 1109 martyrium
1262 1056 1550 1108 praeparatum
1565 1078 1624 1084 —
1637 1066 1659 1096 c
1670 1054 1777 1097 alix
1801 1062 1837 1092 1⁰

256 1127 409 1181 quippe
449 1126 645 1168 domini
681 1125 961 1167 inebrians
999 1138 1252 1179 perquam
1285 1125 1523 1179 optimus
1555 1140 1631 1175 -;
1666 1125 1777 1179 quod

253 1199 395 1241 autem
427 1199 470 1238 et
500 1196 702 1238 matronis
736 1195 893 1238 offertis
932 1197 1142 1238 muscaria
1178 1196 1319 1250 paruis
1357 1196 1607 1238 animalibus
1643 1196 1776 1239 uenti-

250 1267 386 1318 landa,
418 1267 566 1320 procul
597 1267 647 1308 ab
686 1266 774 1309 illis
812 1267 959 1309 abesse
998 1266 1146 1308 debere
1182 1266 1386 1317 luxurias,
1425 1279 1530 1320 quae
1562 1266 1646 1308 cito
1678 1279 1776 1309 cum

250 1338 334 1381 isto
365 1338 610 1380 interiturae
642 1337 797 1380 mundo
831 1338 972 1380 oleum
1002 1337 1117 1380 uitae
1150 1337 1360 1380 suauioris
1391 1337 1680 1380 exterminant.
1706 1337 1776 1380 hic

1876 1400 1884 1457 ἑ

368 1455 390 1489 8
417 1455 461 1489 cf.
486 1454 616 1489 Matth.
643 1454 700 1495 25,
729 1453 844 1489 1-12
920 1453 963 1488 10
990 1453 1072 1489 *Ps.
1098 1453 1156 1498 22,
1182 1453 1203 1487 5
1279 1453 1323 1488 14
1349 1453 1391 1488 cf.
1416 1452 1536 1498 Eccle.
1564 1452 1618 1496 10,
1647 1453 1664 1488 1

514 1536 566 1587 ,L
603 1552 648 1565 =
679 1537 906 1587 Coloniensis
932 1538 984 1571 35
1007 1546 1035 1570 8.
1061 1536 1137 1571 IX.

532 1594 571 1630 Π
601 1610 647 1624 =
677 1594 886 1630 'saracensis
909 1595 1107 1640 Auyiensis
1134 1597 1186 1630 49
1209 1606 1238 1630 8.
1263 1595 1338 1630 IX.

531 1654 571 1688 D
601 1669 646 1683 =
678 1651 883 1690 Vaticanus
908 1655 972 1689 lat.
1001 1654 1236 1700 355-1-356
1259 1665 1288 1689 s.
1314 1654 1472 1690 IX—X.

530 1713 576 1748 N
600 1729 645 1742 =
675 1713 886 1748 Casinensis
911 1715 991 1748 295
1014 1724 1042 1748 s.
1068 1714 1118 1748 X.

532 1783 554 1816 q
602 1788 648 1802 =
672 1772 877 1807 Palatinus
903 1773 967 1808 lat.
995 1775 1071 1808 173
1095 1784 1123 1808 s.
1150 1773 1227 1807 XI.

530 1831 565 1864 Β
597 1847 643 1861 =
669 1831 917 1867 Berolinensis
941 1833 1004 1867 lat.
1030 1834 1078 1867 18
1102 1843 1128 1868 ε.
1156 1832 1254 1867 ΧΙΙ.

293 1947 314 1981 2
341 1947 385 1981 ad
416 1948 619 1983 marcellam
653 1947 697 1982 de
728 1949 936 1983 muneribus
970 1949 1206 1991 (munusculis
1231 1949 1279 1993 L)
1305 1949 1450 1995 LJIDq,
1476 1949 1584 1985 titulo
1609 1951 1706 1984 caret
1729 1948 1774 1983 N

246 2008 291 2042 ad
314 2007 518 2042 marcellam
544 2007 695 2052 loquens
723 2008 767 2042 ad
794 1998 879 2042 eam¹
898 2007 942 2042 de
967 2009 1111 2054 scriptis
1137 2008 1213 2043 suis
1238 2011 1276 2043 et
1300 2009 1344 2043 de
1369 2008 1576 2044 muneribus
1601 2008 1700 2043 illius
1719 2007 1769 2051 B,-

243 2066 464 2111 Hieronymi
487 2076 618 2100 nomen
642 2066 811 2101 exhibent
835 2066 939 2102 codd.
957 2071 1107 2111 praeter
1130 2067 1175 2103 N
1265 2068 1286 2102 3
1313 2068 1479 2104 absentia
1502 2067 1614 2103 LIID
1709 2078 1767 2102 so·

242 2124 357 2159 lemur
381 2125 623 2169 (consolemur
646 2135 674 2160 s.
702 2125 725 2160 l.
750 2136 796 2161 m.
821 2129 906 2169 rec.)
934 2125 979 2160 N
1068 2126 1091 2160 4
1116 2125 1207 2161 facit
1229 2137 1254 2170 g
1349 2128 1370 2162 5
1395 2127 1606 2161 remitamus
1631 2126 1710 2171 (sic)
1735 2125 1771 2160 B

245 2183 305 2227 qui
330 2183 364 2217 L
437 2184 458 2218 6
485 2188 540 2218 est
564 2194 590 2218 s.
619 2185 640 2220 l.
668 2183 704 2218 B
774 2184 912 2229 aliquid
935 2184 978 2219 N
1046 2185 1207 2230 mysterii
1232 2185 1276 2220 N
1322 2186 1341 2220 7
1369 2196 1491 2221 saccos
1516 2185 1551 2220 L
1623 2185 1728 2220 stelle
1745 2195 1768 2229 q

243 2242 264 2275 8
289 2242 390 2286 uirgo
416 2242 526 2287 pedes
553 2243 597 2277 N
654 2244 696 2278 10
725 2236 1179 2289 animam—praeparatam
1200 2244 1241 2279 N
1322 2245 1368 2279 ad
1392 2256 1420 2280 8.
1447 2245 1470 2280 l.
1498 2243 1534 2278 B
1598 2243 1639 2279 11
1666 2254 1766 2290 perq.

243 2301 333 2344 opt.]
359 2311 463 2345 quam
491 2302 692 2346 praeclarus
717 2302 818 2345 (add.
847 2305 903 2337 est
925 2303 964 2349 g)
988 2303 1051 2347 DS
1128 2314 1300 2348 perquam
1326 2306 1406 2349 (per
1430 2304 1536 2350 erac.)
1561 2302 1598 2337 B
1671 2304 1766 2339 obti-

242 2369 320 2393 mus
345 2359 453 2394 LIIB
584 2361 627 2394 12
654 2362 744 2407 aut]
773 2362 859 2397 add.
886 2363 1004 2397 solent
1027 2362 1071 2397 N
1198 2363 1255 2399 off.
1281 2374 1391 2398 musc.
1416 2363 1547 2408 scripsi
1571 2362 1630 2398 off.
1654 2374 1764 2398 muse.

242 2428 354 2462 parua
378 2431 402 2463 g
428 2418 550 2453 offerre
575 2421 752 2455 muscaria
776 2420 819 2454 N
845 2421 1024 2456 offerimus
1055 2422 1155 2467 paria
1184 2422 1309 2468 (rimus
1333 2422 1435 2468 paria
1458 2423 1500 2457 in
1524 2433 1598 2457 ras.
1623 2424 1765 2458 12—13

244 2476 312 2510 litt.
337 2477 450 2523 m2B)
476 2481 538 2512 cet.
670 2479 882 2515 uentilanda
908 2479 993 2524 (nda
1018 2481 1059 2515 in
1083 2491 1158 2516 ras.
1184 2482 1261 2522 ΜΕ)
1288 2480 1323 2515 Β
1346 2480 1585 2516 euentilandis
1608 2492 1652 2526 55
1675 2481 1762 2518 add.

242 2534 388 2580 elegans
413 2536 663 2580 interpretatio
689 2538 919 2582 (significatio
944 2542 981 2583 g)
1009 2541 1064 2574 est
1087 2539 1151 2585 Ng
1230 2539 1273 2574 13
1299 2539 1597 2584 procul—abesse
1620 2539 1668 2584 N,
1694 2550 1763 2577 om.

240 2597 303 2628 cet.
377 2593 506 2629 debere
530 2595 571 2629 in
595 2606 669 2630 ναε.
699 2597 722 2629 9
747 2597 816 2632 litt.
841 2599 905 2631 m2
922 2597 964 2639 B,
991 2609 1057 2633 om.
1078 2599 1123 2633 N
1199 2599 1466 2644 lux.—mundo]
1491 2599 1664 2634 luxuriam
1690 2599 1761 2634 cito

241 2653 464 2695 restinguere
490 2654 719 2698 (restringere
739 2654 788 2698 B)
816 2657 898 2699 quia
922 2667 1065 2691 muscae
1091 2657 1285 2692 moriturae
1304 2657 1380 2692 DB
1403 2657 1464 2702 (cf.
1490 2657 1610 2694 Eccle.
1636 2659 1698 2703 10,
1723 2660 1761 2702 1)

240 2710 416 2746 luxuriam
441 2712 532 2747 scito
552 2713 795 2757 restringuere
815 2725 904 2758 quae
926 2716 996 2749 cito
1018 2727 1096 2750 cum
1115 2717 1186 2751 isto
1206 2716 1397 2752 interitura
1416 2716 1548 2751 mundo
1568 2728 1591 2761 q
1660 2717 1761 2752 luxo-

241 2770 384 2814 riasque
409 2770 444 2805 L
518 2771 561 2805 14
586 2771 706 2816 inter]
734 2773 906 2806 morituro
933 2773 972 2807 N
1072 2774 1138 2810 uit.
1165 2775 1279 2820 suam]
1306 2775 1406 2810 uitae
1432 2776 1552 2810 suauis
1578 2775 1697 2811 odoris
1720 2776 1767 2811 N

242 2829 432 2863 suauitatis
451 2829 525 2864 DB
541 2830 872 2873 (cito—suauitatis
889 2832 928 2866 in
947 2843 1020 2869 ras.
1046 2835 1199 2868 56—57
1219 2834 1287 2869 litt.
1307 2836 1370 2869 m2
1387 2833 1434 2878 Β)
1507 2835 1720 2871 exterminat
1737 2846 1760 2880 q
