1884 3254
255 261 341 302 460
801 257 954 293 Sancti
980 252 1233 302 Hieronymi

255 400 427 429 aureum
459 399 553 428 eum
588 385 761 427 totidem
795 384 993 434 lucernis,
1032 387 1136 438 quot
1167 384 1316 435 oculis,
1355 385 1460 427 duas
1499 398 1665 440 quoque
1703 387 1776 430 oli·

256 471 331 501 uas
374 471 394 499 a
433 456 614 500 sinistris
657 455 862 509 lampadis
902 454 1035 496 cernit
1071 456 1114 496 et
1151 468 1174 497 a
1212 448 1381 506 dextris,
1426 457 1474 498 ut
1510 459 1608 511 post
1644 470 1775 512 equos

254 530 383 578 rufos,
405 527 556 576 uarios,
582 526 698 567 albos
725 527 767 567 et
792 524 936 580 nigros
962 526 1005 566 et
1029 524 1254 579 dissipatas
1281 525 1505 581 quadrigas
1532 539 1580 569 ex
1604 527 1776 570 Effraim

257 602 298 640 et
327 611 482 652 equum
514 596 564 638 de
590 595 854 637 Hierusalem
887 607 1115 649 pauperem
1146 608 1285 650 regem
1318 596 1571 639 uaticinetur
1595 599 1638 639 et
1661 611 1777 651 prae-

199 671 242 704 15
256 668 366 710 dicet
397 666 611 709 sedentem
644 678 770 719 super
806 664 971 718 pullum
1008 653 1145 707 filium
1183 666 1323 708 asinae
1360 666 1611 723 subiugalis.
1647 667 1778 710 Mala·
1818 681 1837 710 5

257 738 368 780 chias
410 739 550 790 aperte
600 738 643 778 et
687 736 727 777 in
765 735 845 778 fine
884 735 1071 778 omnium
1107 736 1406 790 prophetarum
1449 736 1500 778 de
1543 738 1777 780 abiectione

256 809 415 851 Israhel
440 811 482 850 et
507 807 729 850 uocatione
761 807 969 861 gentium:
1002 819 1100 850 non
1133 809 1213 849 est
1242 807 1385 858 mihi,
1418 808 1489 861 ait,
1519 808 1776 852 uoluntas

256 880 305 921 in
338 878 508 928 uobis,
541 877 680 919 dicit
711 877 956 919 dominus
989 877 1339 928 exercituum,
1377 881 1428 920 et
1457 870 1646 920 munus
1679 891 1776 921 non

256 949 516 1003 accipiam
552 948 610 990 de
636 937 787 989 manu
813 949 1011 990 uestra.
1045 947 1104 989 ab
1131 950 1251 991 ortu
1278 948 1414 991 enim
1442 949 1579 992 solis
1604 962 1778 1004 usque
1854 1003 1858 1006 Δ

257 1021 317 1063 ad
348 1033 595 1062 occasum
627 1015 870 1073 magnum
902 1021 985 1060 est
1016 1031 1200 1061 nomen
1232 1032 1397 1061 meum
1429 1019 1479 1061 in
1518 1012 1778 1075 gentibus
1802 1022 1869 1066 10'2

258 1095 307 1134 et
350 1092 399 1133 in
445 1091 583 1132 omni
627 1090 745 1132 loco
791 1089 1150 1132 sacrificatur
1193 1092 1244 1132 et
1293 1089 1529 1133 offertur
1577 1090 1782 1133 nomini
1856 1083 1866 1087 ⁶

200 1171 366 1205 16me0
395 1161 601 1204 oblatio
627 1160 828 1203 munda.
860 1160 1040 1212 Esaiam,
1065 1160 1337 1211 Hieremia-m,
1361 1160 1569 1210 Ezechiel,
1599 1161 1780 1204 Danihel

257 1234 350 1287 quis
381 1233 518 1287 possit
548 1233 619 1274 uel
650 1232 896 1287 intellegere
930 1233 1000 1273 uel
1031 1234 1262 1286 exponere?
1295 1244 1473 1285 quorum
1504 1232 1666 1286 primus
1695 1244 1779 1275 nou

256 1304 517 1358 prophetiam
552 1302 666 1351 ,mihi
708 1302 877 1344 uidetur
917 1304 1070 1352 texere,
1120 1302 1195 1344 sed
1237 1302 1524 1357 euangelium3
1567 1301 1779 1344 secundus
1867 1360 1869 1362 η

256 1374 421 1430 uirgam
453 1386 628 1416 nuceam
661 1375 702 1415 et
734 1373 860 1415 ollam
894 1385 1139 1415 succensam
1172 1385 1196 1415 a
1226 1373 1333 1415 facie
1364 1372 1573 1427 aquilonis
1610 1375 1654 1415 et
1686 1385 1778 1427 par·
1804 1382 1840 1417 15
1868 1373 1873 1420 ’,

257 1445 357 1486 dum
394 1443 623 1498 spoliatum
661 1444 750 1486 suis
789 1443 1001 1486 coloribus
1039 1445 1082 1485 et
1118 1443 1377 1497 quadruplex
1413 1442 1592 1485 diuersis
1631 1443 1780 1485 metris
1864 1433 1873 1439 ¹

257 1515 387 1557 nectit
429 1514 718 1568 alphabetum;
769 1514 920 1557 tertius
964 1514 1169 1568 principia
1216 1517 1259 1556 et
1300 1513 1425 1556 finem
1475 1514 1604 1556 tantis
1653 1513 1782 1556 habet

378 1631 393 1665 1
424 1630 467 1666 cf.
493 1631 596 1666 Zach.
623 1632 657 1673 4,
682 1632 704 1666 3
756 1632 799 1673 ‚2
822 1624 869 1667 cf.
895 1631 998 1666 Zach.
1025 1632 1058 1675 6,
1084 1631 1178 1665 2-:3
1257 1631 1278 1664 3
1305 1630 1349 1665 cf.
1376 1630 1479 1666 Zach.
1507 1631 1540 1673 9,
1569 1631 1612 1666 10
1686 1631 1708 1666 5
1733 1631 1780 1666 cf.

257 1688 361 1724 Zach.
388 1690 420 1733 9,
446 1691 467 1724 9
564 1690 583 1724 7
611 1689 715 1723 *MaL
744 1690 775 1733 1,
804 1689 939 1724 10-11
1041 1690 1084 1724 15
1111 1689 1157 1724 cf.
1182 1688 1279 1723 Hier.
1307 1689 1338 1734 1,
1367 1689 1421 1724 11.
1450 1689 1492 1724 13
1609 1688 1654 1724 cf.
1679 1689 1775 1726 Hier.

263 1748 317 1792 13,
342 1748 387 1782 23
463 1748 504 1783 16
532 1747 575 1782 cf.
602 1747 732 1782 Thren.
759 1759 787 1782 c.
816 1748 908 1783 1—4

308 1843 325 1877 1
353 1842 506 1877 totidem
531 1842 626 1877 idem
651 1842 696 1876 H
806 1842 902 1888 quod
930 1842 1011 1878 GH
1102 1843 1124 1877 2
1149 1842 1333 1888 lampades
1358 1842 1433 1877 ΗΣ
1542 1843 1580 1877 et
1605 1853 1626 1878 a
1649 1842 1781 1887 scripsi

259 1903 296 1935 et
322 1900 366 1935 ad
391 1901 431 1936 H
458 1912 478 1936 a
504 1902 527 1936 λ
554 1904 590 1936 et
616 1906 678 1937 cet.
794 1902 850 1947 ut]
879 1903 916 1937 et
940 1902 1035 1946 Σμο.
1063 1904 1100 1936 et
1125 1906 1167 1936 ut
1190 1901 1235 1936 H
1346 1912 1424 1947 aeq.
1450 1901 1517 1936 ruf.
1543 1911 1618 1936 nar.
1645 1900 1715 1937 alb.
1742 1902 1780 1936 et

260 1960 349 2005 nigr.
377 1960 401 1994 λ
426 1960 518 2005 nigr.
545 1971 624 2005 aeq.
649 1961 727 1997 rub.
753 1971 826 1996 uar.
854 1960 954 1996 albas
981 1960 1062 2006 (sic)
1087 1960 1132 1995 H
1154 1971 1209 2005 eq.
1236 1960 1303 1996 rus.
1329 1971 1405 1995 uar.
1431 1959 1500 1995 alb.
1524 1958 1596 1995 GP
1619 1971 1674 2006 eq.
1699 1959 1778 1995 ruff.

260 2021 296 2052 et
322 2030 396 2053 uar.
428 2021 465 2053 et
496 2019 565 2054 alb.
593 2020 626 2054 Σ
653 2030 707 2064 eq.
741 2030 814 2054 uar.
848 2022 885 2054 et
914 2019 982 2054 ruf.
1015 2022 1052 2054 et
1083 2019 1154 2055 alb.
1181 2019 1252 2054 DS
1282 2030 1337 2064 eq.
1368 2018 1438 2054 ruf.
1463 2019 1555 2065 nigr.
1583 2020 1619 2053 et
1644 2018 1715 2054 alb.
1742 2021 1780 2054 et

259 2088 332 2113 uar.
357 2089 381 2122 g
406 2079 465 2122 (cf.
492 2078 608 2113 Zach.
632 2081 662 2122 1,
690 2080 733 2121 8,·
761 2080 796 2122 6,
823 2080 937 2122 2—3)
1105 2079 1127 2114 3
1154 2078 1207 2124 ex]
1235 2081 1272 2114 et
1290 2078 1342 2119 H,
1368 2088 1436 2113 om.
1457 2077 1488 2113 S
1653 2076 1778 2112 efraim

258 2136 323 2171 AD
348 2137 507 2181 ephraim
537 2137 572 2172 G
597 2137 783 2183 ephrahim
808 2137 844 2171 P
866 2140 877 2180 (
905 2139 950 2182 cf.
970 2149 1011 2182 p.
1041 2139 1130 2182 457,
1158 2139 1197 2181 4)
1328 2137 1352 2171 4
1377 2147 1530 2182 aequum
1557 2137 1582 2171 λ
1609 2147 1714 2182 equm
1737 2134 1779 2170 H

258 2195 445 2229 ierusalem
473 2196 631 2230 Za.c.m2
654 2196 871 2231 iherusalem
891 2195 922 2232 S
1014 2195 1222 2241 paup—fil.
1247 2196 1289 2230 in
1312 2206 1382 2241 my.
1406 2195 1475 2240 inf.
1502 2197 1565 2230 m2
1589 2195 1623 2230 Σ
1688 2206 1778 2241 pau-

258 2264 379 2298 perum
407 2255 438 2288 Σ
529 2266 649 2300 regern
676 2266 743 2290 om.
771 2256 795 2289 λ
890 2254 1070 2301 praedicit
1093 2254 1139 2290 H
1201 2256 1223 2290 6
1249 2257 1287 2290 et
1311 2265 1379 2289 om.
1410 2254 1444 2289 G
1511 2255 1531 2289 7
1558 2254 1611 2289 ait
1634 2265 1663 2289 8.
1690 2253 1716 2289 1.
1740 2255 1777 2295 λ,
1868 2285 1873 2297 2

259 2322 326 2347 om.
352 2313 396 2347 H
465 2314 486 2348 8
514 2314 615 2359 dicit]
644 2315 695 2349 ait
719 2314 798 2357 DS,
826 2325 893 2350 om.
923 2313 958 2349 G
1077 2314 1245 2349 dominus
1269 2315 1311 2349 in
1336 2317 1373 2356 t„
1394 2305 1467 2349 dus
1491 2314 1533 2348 in
1557 2324 1625 2359 my.
1651 2315 1715 2348 m2
1738 2313 1794 2351 H.
1869 2302 1873 2314 ’

259 2372 451 2406 exercitum
480 2372 610 2408 Gom.)⁹
659 2374 680 2408 9
701 2384 774 2408 acc.
794 2374 818 2408 λ
838 2383 928 2408 susc.
947 2377 1011 2409 eet.
1085 2373 1178 2408 enim
1200 2383 1268 2408 om.
1287 2373 1333 2407 H
1378 2373 1422 2408 10
1447 2372 1534 2408 solis
1554 2383 1718 2408 occasum
1737 2372 1783 2407 H
1850 2390 1875 2418 λι

259 2441 423 2465 occasum
449 2431 524 2465 eius
551 2433 674 2475 (eras.)
698 2433 730 2467 Σ
846 2443 941 2467 nom.
966 2443 1086 2477 magn.
1114 2433 1170 2467 est
1194 2431 1239 2466 H
1375 2432 1415 2466 11
1444 2432 1619 2467 et—sacr.
1643 2441 1712 2466 om.
1737 2430 1783 2465 H

261 2488 407 2524 affertur
431 2490 466 2523 P
565 2491 602 2524 in
627 2492 770 2525 nomine
795 2502 874 2526 meo
900 2491 945 2525 H
1027 2492 1071 2526 12
1095 2490 1241 2536 munda]
1268 2490 1355 2526 add.
1381 2491 1418 2525 in
1443 2491 1540 2525 omni
1564 2490 1643 2525 loco
1668 2489 1778 2525 sacri·
1842 2484 1845 2486 ’

209 2562 218 2572 ·
259 2548 387 2583 fleatur
414 2549 455 2583 H
476 2550 536 2593 (cf.
562 2560 677 2594 supra
702 2550 754 2585 ad
778 2550 801 2584 l.
826 2552 880 2594 11)
959 2550 1111 2585 essaiam
1137 2550 1162 2584 λ,
1187 2549 1310 2584 isaiam
1338 2548 1382 2584 H
1402 2549 1538 2594 isayam
1565 2548 1595 2583 S
1675 2549 1778 2584 here-

259 2606 366 2641 miam
392 2608 417 2642 λ
442 2608 650 2644 iheremiam
676 2609 707 2644 S
824 2608 1005 2644 ezechihel
1031 2609 1063 2643 Σ
1083 2609 1255 2644 hiezeciel
1284 2607 1318 2643 G
1341 2607 1530 2651 hiezechi(i
1555 2618 1599 2642 ex
1623 2606 1719 2651 e)hel
1743 2607 1780 2641 P
1855 2595 1875 2661 ,ς’

244 2666 472 2701 -ezechielem
497 2678 537 2711 5,·
564 2667 650 2702 add.
677 2671 715 2702 et
737 2679 762 2712 ς
847 2667 968 2702 daniel
987 2666 1109 2702 Gazs
1132 2666 1308 2702 danielem
1333 2677 1358 2711 ς
1432 2666 1474 2700 13
1501 2666 1561 2711 qui
1585 2664 1630 2699 H
1715 2675 1778 2710 pr.

262 2724 318 2758 uel
343 2735 409 2759 om.
436 2725 537 2761 HZ'S
609 2727 652 2760 14
677 2725 751 2760 uid.
777 2725 866 2760 mihi
886 2726 910 2760 λ
1001 2726 1144 2771 euang]
1173 2725 1260 2762 add.
1279 2724 1425 2770 explicit
1442 2724 1584 2768 reliqua
1601 2724 1779 2768 epistulae

256 2787 363 2827 parte
382 2785 513 2819 omissa
534 2785 574 2819 H
626 2785 667 2819 15
687 2784 836 2830 pardum
850 2785 912 2819 λΡ
929 2795 1060 2829 panum
1080 2788 1142 2820 cet.
1194 2784 1237 2819 16
1257 2783 1465 2828 quadriplex
1478 2783 1503 2818 λ
1555 2783 1596 2818 17
1617 2781 1724 2817 alfau.
1737 2781 1777 2816 D

262 2841 376 2876 albab.
404 2843 427 2876 λ
454 2843 572 2878 adfab.
600 2844 632 2878 Σ
722 2844 889 2889 principii
916 2843 945 2879 S
1039 2843 1159 2889 finem]
1184 2844 1221 2877 in
1246 2843 1315 2877 fine
1341 2841 1372 2878 S
1464 2842 1600 2877 habens
1625 2842 1693 2876 ΣΗ
