1884 3254
201 297 287 341 488
438 274 442 277 ¹
755 295 906 330 Sancti
932 294 1182 340 Hieronymi

138 428 160 463 2
201 427 452 469 sententiam
490 438 614 468 nosse
653 424 885 479 cupiamus.
925 435 1135 478 corpus,
1173 423 1323 477 inquit,
1362 437 1458 466 non
1497 423 1722 468 fornica·

200 497 355 549 tioni,
387 496 479 538 sed
506 496 730 545 domino,
766 497 816 536 et
842 494 1088 536 dominus
1116 494 1345 549 corpori.
1379 494 1509 536 deus
1536 498 1726 546 autem,

201 568 289 621 qui
316 567 584 610 dominum
611 565 929 617 suscitauit,
960 566 1011 607 et
1036 576 1131 608 no‘s
1159 577 1271 607 cum
1297 565 1398 608 illo
1426 566 1728 610 suscitauit

200 650 291 692 per
327 638 593 680 uirtutem
633 649 792 679 suam.
830 635 1079 686 nescitis,
1119 636 1244 690 quia
1281 647 1505 690 corpora
1542 640 1727 680 uestra

203 709 430 751 membra
458 701 666 752 Christi
693 709 849 761 sunt?
875 706 1084 749 tollens
1111 719 1232 761 ergo
1258 706 1490 749 membra
1516 706 1731 751 Christi
1771 719 1789 748 5

199 780 397 822 faciam
423 779 654 821 membra
680 777 1022 820 meretricis?
1047 777 1205 819 absit.
1232 790 1291 820 an
1311 777 1560 830 nescitis,
1589 779 1728 832 quia,

200 848 289 903 qui
315 848 605 904 coniungit
625 861 678 890 se
698 846 993 897 meretrici,
1020 859 1175 888 unum
1197 858 1392 902 corpus
1414 850 1528 890 est?
1555 851 1731 902 erunt,

198 919 396 973 inquit,
418 919 518 962 duo
538 920 589 961 in
611 931 767 961 carne
788 930 899 960 una.
919 917 1008 972 qui
1028 920 1204 960 autem
1223 918 1408 973 iungit
1428 931 1481 961 se
1502 918 1730 970 domino,

200 1003 336 1033 unus
371 990 605 1046 spiritus
639 991 733 1034 est.
766 989 944 1044 fugite
975 988 1406 1031 fornicationem.
1441 1001 1590 1032 omne
1616 1001 1731 1044 pec·

201 1054 391 1111 catum,
438 1061 576 1115 quod
612 1056 811 1118 fecerit
854 1060 1020 1111 homo,
1067 1061 1215 1101 extra
1259 1071 1454 1114 corpus
1499 1061 1595 1102 est.
1638 1059 1726 1114 qui
1756 1070 1792 1100 10

202 1134 375 1174 autem
407 1132 724 1182 fornicatur,
755 1131 805 1172 in
841 1130 1035 1184 corpus
1068 1143 1220 1172 suum
1252 1133 1443 1185 peccat
1480 1133 1523 1172 et
1555 1130 1729 1184 reliqua,

142 1205 163 1239 3
199 1205 369 1245 sanctus
403 1202 622 1256 apostolus
663 1204 807 1245 contra
843 1201 1050 1244 luxuriam
1089 1201 1310 1256 disputans
1350 1204 1393 1244 et
1428 1202 1471 1243 in
1510 1202 1732 1256 superiori·

203 1273 282 1315 bus
309 1273 474 1315 dicens:
509 1286 663 1315 escae
695 1272 876 1315 uentri
903 1274 954 1314 et
978 1274 1170 1314 uenter
1195 1273 1363 1323 escis3
1399 1272 1529 1315 deus
1555 1274 1731 1315 autem

203 1346 253 1385 et
282 1343 420 1385 hunc
461 1345 511 1385 et
547 1343 647 1385 illa
686 1342 935 1385 destruet
981 1345 1288 1396 consequenter
1324 1343 1443 1385 uenit
1473 1343 1526 1384 ad
1556 1342 1730 1386 fornica·

201 1411 371 1456 tionem.
397 1413 552 1456 etenim
571 1413 737 1455 luxuria
756 1415 892 1455 mater
909 1412 1096 1455 libidinis
1118 1415 1184 1455 est
1201 1415 1478 1467 uentremque
1498 1413 1728 1456 distentum
1757 1423 1791 1454 15

203 1484 294 1526 cibo
328 1487 370 1526 et
400 1484 488 1527 uini
512 1484 756 1538 potionibus
783 1484 1013 1539 inrigatum
1037 1484 1236 1538 uoluptas
1263 1484 1514 1540 genitalium
1540 1483 1731 1538 sequitur

202 1556 339 1608 atque,
369 1557 418 1597 ut
448 1555 509 1597 ita
535 1554 693 1597 dictum
722 1554 791 1606 sit,
822 1566 896 1608 pro
922 1554 1206 1597 membrorum
1232 1555 1373 1596 ordine
1402 1554 1501 1597 ordo
1527 1554 1728 1596 uitiorum

141 1628 165 1663 4
202 1624 429 1667 mutandus
478 1628 555 1667 est.
600 1637 719 1667 omne
763 1625 906 1679 itaque
942 1628 1178 1679 peccatum,
1224 1625 1341 1667 uerbi
1383 1625 1519 1679 gratia
1556 1625 1731 1674 furtum,

201 1694 489 1745 homicidium,
521 1695 679 1750 rapina,
712 1695 941 1749 periurium
975 1697 1018 1737 et
1049 1697 1187 1737 cetera
1218 1695 1283 1738 his
1319 1695 1474 1738 similia
1513 1697 1611 1749 post
1644 1695 1728 1737 fac·

200 1767 290 1806 tum
340 1765 653 1819 paenitudinem
703 1766 859 1808 habent
908 1768 962 1816 et,
1005 1765 1108 1808 licet
1154 1766 1310 1808 inuitet
1354 1766 1535 1816 lucrum,
1585 1768 1723 1808 tamen
1750 1777 1785 1806 «ιο

202 1834 366 1877 mordet
409 1835 683 1886 conscientia;
728 1837 927 1890 uoluptas
971 1836 1062 1878 sola
1105 1849 1152 1878 ac
1195 1836 1327 1879 libido
1374 1836 1500 1878 etiam
1545 1836 1587 1878 in
1635 1837 1727 1891 ipso

201 1909 390 1960 tempore
422 1906 658 1960 paenitendi
690 1907 938 1960 praeteritos
965 1906 1163 1950 stimulos
1190 1907 1350 1962 patitur
1375 1910 1417 1949 et
1441 1906 1726 1950 titillationem

321 2079 337 2113 1
368 2077 407 2112 *Ι
434 2077 512 2114 Cor.
539 2079 574 2122 6,
602 2078 740 2114 13—18
816 2079 859 2114 13
886 2077 926 2113 *1
951 2078 1031 2115 Cor.
1057 2080 1090 2123 6,
1119 2079 1163 2114 13

254 2172 270 2205 1
300 2182 403 2207 nosse
429 2183 496 2209 om.
526 2173 558 2206 Φ
685 2173 867 2218 capiamus
894 2174 965 2218 ψΦ
1087 2175 1174 2219 non]
1202 2174 1290 2209 add.
1318 2177 1373 2209 est
1398 2172 1502 2211 codd.
1522 2178 1671 2219 praeter
1695 2187 1729 2220 ψ

203 2229 451 2265 fornicati-onis
482 2231 515 2266 G
607 2232 627 2266 3
655 2231 763 2277 dom.]
791 2231 878 2267 add.
906 2231 977 2266 ihm
1003 2235 1082 2278 xpm
1110 2232 1146 2267 Β
1278 2233 1470 2268 suscitabit
1492 2244 1517 2278 ς
1634 2234 1658 2268 4
1683 2245 1726 2268 an

206 2289 352 2323 nescitis
382 2290 414 2323 Φ
534 2292 554 2325 5
581 2290 727 2325 menbra
753 2302 787 2336 ψ
811 2291 944 2335 ubique
1069 2294 1153 2326 sunt
1176 2293 1235 2337 xpi
1260 2291 1370 2327 DC'B
1491 2303 1574 2337 ergo
1599 2302 1667 2327 om.
1694 2292 1728 2326 B

206 2347 271 2382 alt.
298 2347 456 2382 membra
480 2359 508 2383 8.
535 2349 557 2383 l.
583 2351 646 2383 m2
671 2349 707 2383 B
771 2350 792 2384 6
818 2349 936 2384 nescis
961 2361 995 2395 ψ
1063 2350 1082 2384 7
1108 2350 1228 2396 iungit
1255 2350 1288 2385 G
1375 2350 1492 2396 erunt]
1520 2350 1607 2386 add.
1634 2351 1726 2386 enim

205 2405 307 2441 codd.
326 2411 476 2450 praeter
501 2419 535 2452 ψ
655 2407 676 2442 8
703 2418 843 2442 carnem
870 2419 976 2443 unam
1005 2408 1036 2444 Ο
1130 2410 1317 2454 coniungit
1340 2420 1365 2454 ς
1483 2410 1504 2444 9
1531 2421 1670 2445 omnem
1700 2410 1730 2445 C

205 2465 248 2499 10
275 2464 523 2510 quodcumque
543 2465 652 2511 apDC
701 2467 743 2500 12
765 2466 986 2512 ‹et—dicens]
1008 2466 1098 2503 dicit
1117 2468 1162 2513 (it
1180 2469 1222 2503 in
1238 2479 1313 2504 ras.
1333 2469 1383 2513 Β)
1402 2467 1510 2503 DCB
1560 2469 1604 2504 13
1624 2480 1726 2504 escae

203 2535 238 2568 ψ
263 2534 344 2558 esca
369 2528 430 2559 cet.
483 2525 526 2559 14
548 2535 605 2569 pr.
633 2527 670 2559 et
694 2535 761 2560 om.
788 2538 821 2571 ψ
893 2526 1003 2571 hunc]
1029 2526 1116 2562 haec
1141 2526 1251 2562 1)Φο
1320 2527 1402 2562 illas
1426 2539 1450 2572 g
1523 2527 1676 2563 destruit
1692 2540 1726 2574 ψ

206 2582 248 2617 15
274 2582 417 2617 libidini
448 2582 478 2618 C
562 2583 605 2618 16
634 2584 720 2629 cybo
749 2585 946 2630 Pa.c.m21p
971 2585 1049 2620 cibo
1077 2597 1096 2620 o
1127 2587 1159 2620 Φ
1245 2587 1286 2621 17
1314 2589 1355 2621 ut
1379 2597 1405 2622 8.
1434 2586 1457 2622 l.
1482 2589 1545 2622 m2
1568 2586 1604 2621 B
1629 2590 1666 2622 et
1694 2588 1727 2622 Φ

203 2641 257 2681 ita
282 2641 315 2675 Γ
336 2641 424 2677 alibi
450 2647 513 2678 cet.
541 2644 602 2687 (cs.
623 2654 663 2687 p.
690 2645 775 2686 155,
803 2643 986 2688 14—16?)
1118 2646 1167 2680 sit
1192 2646 1226 2680 Γ
1246 2647 1302 2680 est
1326 2649 1389 2681 cet.
1483 2643 1485 2645 ’
1510 2645 1608 2691 ordo]
1637 2646 1723 2680 add.

204 2710 345 2744 quoque
364 2711 398 2746 ψ
472 2701 515 2736 18
542 2701 734 2736 mutandus
755 2702 788 2736 I7
807 2702 993 2747 (uitandus
1017 2705 1093 2747 m2)
1114 2715 1157 2749 ψ,
1184 2714 1251 2739 om.
1278 2708 1339 2739 cet.
1368 2704 1577 2747 (mutandus
1603 2707 1659 2740 est
1677 2721 1722 2734 =

203 2758 291 2801 must
309 2760 554 2805 einqetauscht
571 2760 715 2796 werden
722 2773 735 2804 ;
752 2761 845 2796 satis
861 2761 1004 2806 inflecte
1022 2762 1167 2806 dictum,
1187 2762 1285 2806 quod
1302 2761 1430 2798 addito
1452 2766 1490 2797 ut
1511 2763 1562 2798 ita
1582 2761 1726 2798 dictum·

204 2816 252 2851 sit
279 2818 343 2852 uix
368 2821 575 2862 excusatur)
665 2820 707 2854 21
737 2820 990 2855 conscientiam
1016 2820 1091 2856 DC
1184 2820 1331 2856 libidam
1363 2822 1395 2856 Φ
1466 2821 1512 2856 22
1537 2821 1718 2867 penitudi-

203 2875 257 2908 nis
283 2887 316 2920 ψ
415 2878 631 2921 praeteritur
657 2889 689 2923 ψ
1168 2880 1170 2882 ’

1832 2943 1857 3254 ’ω’ππῆνῑωὲῡπναπτπῑ,
1840 2921 1859 2931 c
1840 2879 1855 2900 v.
1837 2859 1843 2862 ¹
1842 2815 1851 2830 2
1835 2787 1852 2803 'v
1843 2770 1846 2772 ⁴
1845 2735 1853 2753 -·
1844 2681 1855 2718 2³2·
1850 2542 1859 2562 -‹
1847 2449 1852 2452 ¹
