1884 3254
658 253 862 298 Epistula
886 253 1008 287 XXlII
1036 255 1125 288 1—4
1550 259 1635 298 213

111 382 327 424 hominurn
367 394 447 423 non
485 374 670 435 putatur.
701 381 862 423 inculta
899 381 1047 431 uestis,
1087 381 1188 422 uilis
1227 381 1362 433 cibus,
1395 384 1634 437 neglectum

111 455 251 506 caput,
276 452 337 494 ita
361 454 514 502 tamen,
541 454 602 501 ut,
630 464 724 494 cum
753 452 894 493 omnia
918 453 1087 501 faceret,
1116 452 1444 494 ostentationem
1470 453 1635 508 fugeret

110 524 386 579 singulorum,
411 535 462 564 ne
493 523 701 576 reciperet
723 522 765 563 in
796 522 1007 576 praesenti
1039 523 1207 564 saeculo
1241 523 1475 565 mercedem
1503 537 1634 565 suam.

170 595 210 635 3.
236 593 357 635 Nunc
387 593 520 648 igitur
550 606 622 647 pro
655 593 775 634 breui
807 593 949 634 labore
982 596 1150 635 aeterna
1180 593 1439 636 beatitudine
1464 595 1634 636 fruitur:

67 680 84 708 5
109 664 314 717 excipitur
339 663 581 718 angelorum
610 663 760 712 choris,
787 663 978 705 Abrahae
1005 664 1168 705 sinibus
1196 664 1445 706 confouetur
1472 667 1514 706 et
1539 678 1633 706 cum

106 747 290 788 paupere
312 734 522 787 quondam
542 734 696 776 Lazaro
725 733 901 775 diuitem
922 737 1200 787 purpuratum
1227 737 1270 776 et
1295 743 1375 776 non
1399 735 1633 788 palmatum

108 806 339 855 consulem,
367 804 440 846 sed
467 807 692 854 sacratum,
719 805 879 846 stillam
906 805 1028 859 digiti
1054 805 1228 847 minoris
1255 806 1387 848 cernit
1411 806 1631 859 inquirere.

109 889 130 918 0
168 889 308 918 rerum
347 878 502 929 quanta
539 876 740 918 mutatio!
773 876 859 926 ille,
894 889 1017 930 quem
1057 879 1152 918 ante
1185 889 1342 931 paucos
1377 877 1465 918 dies
1500 877 1632 932 digni-

105 949 242 989 tatum
276 946 462 987 omnium
498 946 683 988 culmina
715 946 1032 1000 praecedebant,
1066 947 1152 1000 qui,
1186 947 1306 1000 quasi
1340 947 1390 989 de
1428 947 1632 989 subiectis

40 1033 82 1060 -1o
105 1018 301 1060 hostibus
328 1018 622 1070 triumpharet,
651 1017 910 1071 Capitolinas
944 1018 1132 1060 ascendit
1164 1030 1294 1067 arces,
1329 1030 1452 1072 quem
1479 1018 1633 1072 plausu

107 1088 287 1141 quodam
321 1090 363 1130 et
393 1088 577 1142 tripudio
610 1089 793 1143 populus
820 1088 1035 1130 Romanus
1070 1089 1246 1142 excepit,
1279 1089 1330 1130 ad
1357 1089 1478 1131 cuius
1509 1089 1633 1131 inter-

103 1159 211 1200 itum
250 1160 349 1200 urbs
381 1158 579 1200 uniuersa
611 1161 822 1201 commota
854 1162 931 1207 est,
966 1172 1074 1201 nunc
1107 1159 1322 1201 desolatus
1362 1162 1439 1210 est,
1479 1159 1631 1210 nudus,

104 1242 186 1272 nou
218 1230 259 1270 in
291 1230 426 1271 lacteo
460 1230 564 1271 caeli
589 1231 760 1282 palatio,
787 1232 836 1271 ut
861 1242 963 1271 uxor
989 1230 1272 1272 conmentitur
1302 1230 1460 1281 infelix,
1489 1230 1563 1272 sed
1588 1231 1630 1271 in

105 1299 372 1342 sordentibus
410 1300 593 1342 tenebris
628 1301 878 1342 continetur.
916 1301 1018 1342 haec
1050 1313 1164 1351 uero,
1199 1314 1323 1355 quam
1356 1301 1481 1343 unius
1515 1301 1630 1343 cubi-

47 1387 80 1415 ιτ)
105 1371 189 1413 culi
222 1373 382 1412 secreta
413 1370 641 1421 uallabant,
669 1383 774 1424 quae
807 1383 966 1425 pauper
998 1371 1221 1413 uidebatur
1254 1374 1295 1413 et
1326 1371 1480 1422 tenuis,
1509 1371 1630 1414 cuius

103 1441 193 1483 uita
236 1441 465 1496 putabatur
508 1441 704 1488 amentia,
739 1441 953 1484 Christum
999 1442 1192 1495 sequitur
1235 1444 1277 1483 et
1320 1442 1439 1484 dicit:
1483 1455 1632 1496 quae-

106 1525 327 1565 cumque
361 1511 687 1563 audiuimus,
721 1516 778 1554 et·
803 1512 1044 1554 uidimus
1083 1513 1134 1554 in
1167 1513 1403 1554 ciuitate
1436 1513 1520 1554 dei
1552 1526 1632 1555 no-

106 1585 207 1627 stri
241 1587 283 1626 et
313 1585 487 1638 reliqua.

162 1657 201 1697 4.
229 1654 492 1710 Quapropter
516 1668 666 1698 moneo
694 1658 735 1697 et
766 1655 869 1698 flens
903 1668 1160 1711 gemensque
1187 1656 1413 1706 contestor,
1441 1657 1502 1705 ut,
1531 1655 1653 1697 dum·

43 1741 79 1768 20
102 1727 230 1769 huius
256 1727 402 1768 mundi
428 1720 542 1768 uiam
569 1727 791 1774 currimus,
814 1740 892 1768 non
920 1726 1084 1768 duabus
1112 1726 1282 1777 tunicis,
1310 1726 1354 1767 id
1380 1728 1446 1767 est
1472 1726 1629 1780 duplici

101 1797 335 1839 uestiamur
364 1797 457 1845 fide,
482 1809 564 1838 non
597 1797 967 1839 calciamentorum
999 1797 1198 1851 pellibus,
1226 1797 1404 1839 mortuis
1433 1796 1631 1839 uidelicet

103 1868 315 1921 operibus,
352 1880 691 1923 praegrauemur,
731 1881 812 1909 non
852 1868 1096 1910 diuitiarum
1135 1880 1211 1909 nos
1249 1880 1349 1922 pera
1388 1868 1439 1909 ad
1476 1869 1627 1909 terram

101 1941 273 1993 premat,
298 1951 378 1980 non
410 1939 569 1995 uirgae,
595 1939 638 1980 id
665 1940 730 1981 est
754 1939 966 1993 potentiae
994 1939 1236 1990 saecularis,
1265 1940 1490 1992 quaeratur
1515 1939 1628 1980 auxi-

219 2067 240 2100 5
274 2066 319 2101 cf.
351 2066 435 2101 Luc.
471 2066 526 2107 16,
562 2066 700 2100 19—24
776 2066 818 2100 13
844 2065 943 2110 uxor]
969 2076 1017 2100 sc.
1043 2066 1192 2100 Aconia
1216 2065 1342 2100 Fabia
1367 2065 1538 2100 Paulina
1566 2066 1628 2110 (ef.

100 2125 178 2160 ind.
205 2128 312 2170 nom.)
389 2125 433 2160 16
465 2125 548 2160 *Pa.
573 2125 631 2169 47,
657 2125 678 2160 9
752 2125 799 2160 20
827 2124 871 2161 cf.
899 2124 1028 2159 Matth.
1058 2124 1115 2168 10,
1143 2124 1188 2160 10
1213 2126 1281 2159 etc.

150 2197 164 2230 1
195 2196 380 2230 hominum
405 2195 447 2230 in
471 2207 547 2230 ras.
572 2198 635 2230 m2
659 2195 710 2230 Β1
738 2195 921 2230 dominnm
949 2195 982 2230 L
1080 2197 1269 2241 putaretur
1295 2194 1346 2229 Β2
1441 2187 1562 2230 uestes
1587 2194 1627 2229 D

100 2259 218 2292 nesus
244 2255 283 2290 Π
365 2255 455 2290 cibis
480 2255 514 2289 L
599 2267 664 2290 nec
688 2256 802 2290 letum
827 2255 866 2290 D
937 2257 961 2290 4
985 2267 1048 2300 pro
1076 2255 1130 2290 bis
1155 2255 1188 2289 L
1272 2254 1344 2289 leui
1365 2253 1427 2298 B2,
1453 2265 1520 2290 om.
1540 2254 1628 2289 ΕΒ1

101 2315 284 2348 aeternam
302 2313 567 2349 beatitudinem
586 2314 660 2348 LD
709 2315 730 2348 5
752 2315 953 2360 excepimus
973 2314 1012 2349 1)
1085 2315 1165 2348 sinu
1185 2312 1303 2349 B¹a.c.
1355 2314 1376 2348 6
1398 2312 1576 2358 quandam
1594 2313 1628 2347 L

102 2374 120 2407 7
148 2374 287 2407 aratum
307 2372 427 2409 B2a.c.
455 2375 609 2407 atratum
628 2384 653 2418 ς
743 2374 859 2408 cernit
882 2384 911 2408 8.
938 2374 960 2408 l.
987 2373 1039 2407 Β1
1112 2373 1134 2408 8
1160 2384 1179 2408 o
1207 2383 1265 2418 qu.
1291 2383 1407 2407 rerum
1433 2383 1457 2417 ς
1482 2383 1628 2418 operum

101 2443 158 2477 qu.
186 2432 219 2466 L
280 2433 301 2467 9
329 2434 483 2467 omnium
510 2443 577 2468 om.
604 2431 656 2467 13²
733 2432 954 2478 praecedant
978 2432 1098 2467 B¹a.c.
1125 2432 1383 2477 praecinebant
1406 2431 1459 2466 B²
1484 2443 1627 2478 praece-

100 2490 191 2524 dunt
209 2493 272 2524 cet.
347 2490 419 2535 qui]
447 2490 505 2525 cui
529 2491 642 2526 LJID
692 2491 735 2526 10
761 2493 807 2526 tr.
832 2491 927 2526 host.
953 2490 1005 2525 Β2
1079 2491 1208 2536 plausu
1227 2489 1384 2535 B²Hp.r.
1410 2491 1537 2536 plauso
1563 2495 1625 2527 cet.

104 2548 144 2582 11
172 2548 352 2594 qnondam
376 2547 428 2583 B²
534 2549 722 2584 introitum
748 2549 930 2594 B¹pcm2
1005 2550 1047 2584 12
1074 2550 1174 2584 urb-ns
1200 2550 1239 2584 D
1341 2550 1406 2585 alt.
1435 2551 1503 2594 est]
1530 2553 1566 2584 et
1590 2550 1626 2584 B

101 2608 145 2642 13
172 2608 412 2642 eonmentitur
436 2608 475 2642 ΙΙ
504 2619 581 2643 cum
609 2608 692 2654 (del.
712 2607 778 2654 B1)
805 2611 916 2644 ment.
935 2609 1063 2644 LDB²
1088 2612 1199 2646 ment.
1221 2609 1271 2643 132
1384 2610 1425 2644 16
1446 2620 1626 2643 commen-

100 2666 186 2700 ticia
211 2668 316 2711 (corr.
343 2667 519 2711 ameneio.)
546 2666 598 2701 13²
742 2669 1002 2713 quaecumque]
1031 2679 1100 2714 que
1126 2668 1179 2702 B²
1300 2669 1342 2702 17
1371 2669 1422 2712 et]
1449 2668 1502 2702 ita
1527 2673 1565 2702 et
1590 2667 1628 2702 Il

99 2725 262 2760 uidemus
289 2725 340 2760 13²
427 2727 469 2761 19
495 2727 549 2772 ut]
577 2729 614 2762 et
637 2727 673 2762 L
746 2727 792 2762 20
818 2727 957 2762 dnobus
978 2727 1012 2762 L
1111 2731 1166 2762 est
1191 2739 1257 2762 om.
1280 2727 1314 2761 L
1412 2726 1570 2771 duplicia
1591 2726 1627 2761 Il

98 2783 140 2817 21
169 2784 295 2819 mortis
321 2773 514 2829 LD,Jla',e.
589 2785 634 2820 22
659 2797 747 2831 pera
770 2786 912 2827 L,Ba.c
938 2797 1046 2832 opera
1073 2787 1264 2831 111)‚Bp.e.
1327 2787 1372 2820 23
1398 2788 1561 2830 premant
1586 2785 1625 2820 D

98 2842 135 2876 id
163 2846 218 2877 eet
244 2854 310 2878 om.
338 2844 373 2878 B
