1884 3254
612 254 821 300 Epistula
844 253 928 288 LIV
954 253 1093 290 11-13
1530 259 1616 301 479

89 395 269 438 cumque
294 396 466 426 manum
487 383 687 434 extendis,
711 382 927 426 Christum
953 383 1106 439 cogita.
1133 396 1249 432 caue,
1276 395 1327 425 ne
1353 383 1618 425 mendicante

89 454 258 496 domino
290 456 365 496 tuo
397 454 554 496 alienas
589 454 762 496 diuitias
796 467 964 509 augeas.

150 527 217 567 13.
265 525 473 568 quenum
523 526 624 580 fuge
676 525 896 568 consortia.
947 526 1197 576 comatulos,
1248 527 1440 580 comptos
1492 527 1618 580 atque

86 597 271 638 lasciuos
313 596 465 638 domus
509 598 608 638 tuae
651 598 766 638 tecta
808 609 888 639 non
932 596 1116 639 uideant.
1160 598 1305 638 cantor
1346 597 1528 650 pellatur
1570 599 1619 638 ut

44 674 64 704 ὁ
87 666 252 714 noxius:
291 666 483 709 fidicinas
528 669 571 709 et
612 667 809 721 psaltrias
849 669 891 708 et
931 667 1058 709 istius
1096 667 1210 710 modi
1249 668 1423 710 chorum
1462 668 1619 710 diaboli

89 738 209 792 quasi
239 737 454 780 mortifera
493 738 723 780 sirenarum
762 738 946 780 carmina
981 738 1181 792 proturba
1219 751 1267 780 ex
1305 738 1478 781 aedibus
1516 739 1618 781 tuis.

87 809 174 852 noli
217 809 269 851 ad
311 809 531 863 publicum
577 808 756 851 subinde
800 809 1023 862 procedere
1069 812 1111 851 et
1152 809 1386 864 spadonum
1435 809 1618 852 exercitu

86 882 311 934 praeeunte
342 880 567 922 uiduarum
606 880 865 922 circumferri
901 880 1112 924 libertate.
1149 880 1358 935 pessimae
1396 882 1616 923 consuetu-

88 951 196 993 dinis
235 953 314 1002 est,
361 963 458 993 cum
496 951 659 1006 fragilis
699 963 823 993 sexus
862 953 905 993 et
940 951 1139 993 inbecilla
1175 955 1291 994 aetas
1331 963 1407 994 suo
1446 950 1617 993 arbitrio

31 1026 66 1055 ¹⁰
86 1022 278 1064 abutitur
314 1023 357 1064 et
386 1023 511 1076 putat
540 1021 681 1074 licere,
716 1022 827 1075 quod
858 1021 975 1064 libet.
1013 1022 1186 1064 omnia
1223 1022 1392 1076 quidem
1430 1022 1616 1070 licent,

28 1134 32 1139 ,
89 1092 180 1134 sed
211 1105 310 1134 uon
345 1092 519 1134 omnia
558 1092 865 1147 expediunt.
909 1105 985 1134 nec
1021 1093 1267 1147 procurator
1304 1092 1617 1135 calamistratus

86 1175 162 1205 nec
210 1163 423 1205 formosus
474 1163 772 1206 conlactaneus
822 1175 899 1205 nec
956 1163 1204 1206 candidulus
1261 1165 1304 1205 et
1356 1163 1617 1205 rubicundus

87 1234 283 1276 adsecula
321 1234 572 1276 adhaereant
608 1233 730 1276 lateri
767 1235 860 1275 tuo:
899 1234 1111 1275 interdum
1151 1233 1316 1276 animus
1354 1233 1617 1276 dominarum

87 1316 134 1346 ex
165 1304 410 1346 ancillarum
441 1304 589 1346 habitu
620 1303 846 1346 iudicatur.
879 1306 1120 1346 sanctarum
1150 1304 1365 1359 uirginum
1399 1306 1441 1346 et
1471 1304 1618 1346 uidua—

26 1381 62 1410 15
85 1387 178 1417 rum
210 1370 458 1417 societatem
490 1374 639 1428 adpete
672 1377 726 1425 et,
761 1374 797 1416 si
829 1374 1136 1417 sermocinandi
1161 1387 1257 1416 cum
1283 1375 1388 1417 uiris
1412 1374 1620 1417 incumbit

86 1446 331 1495 necessitas,
376 1445 556 1488 arbitros
595 1458 646 1488 ne
685 1446 849 1488 deuites
887 1447 1087 1500 tantaque
1114 1446 1422 1488 confabulandi
1464 1445 1619 1488 fiducia

87 1517 157 1568 sit,
188 1519 237 1559 ut
266 1517 448 1559 intrante
480 1517 562 1559 alio
588 1529 665 1559 nec
696 1529 852 1571 paucas
883 1529 959 1559 nec
991 1517 1228 1559 erubescas.
1260 1517 1480 1571 speculum
1505 1530 1618 1559 men·

87 1589 143 1630 tis
183 1590 248 1630 est
283 1588 413 1630 facies
453 1590 495 1630 et
530 1587 649 1630 taciti
690 1588 801 1631 oculi
838 1587 975 1630 cordis
1006 1588 1192 1630 fatentur
1229 1600 1389 1630 arcana.
1430 1588 1618 1630 uidimus

88 1672 219 1714 nuper
253 1659 582 1715 ignominiosum
619 1672 694 1714 per
729 1661 867 1701 totum
906 1659 1109 1702 orientem
1152 1659 1378 1702 uolitasse:
1417 1661 1459 1701 et
1503 1660 1617 1701 aetas

212 1833 255 1868 10
280 1833 298 1868 1
325 1832 404 1869 Cor.
431 1834 464 1878 6,
492 1833 536 1869 12

137 1962 153 1995 1
180 1972 307 1996 manus
326 1960 371 1996 K
377 1962 414 1996 Ψ
482 1961 652 1997 extendes
676 1961 710 1997 G
783 1961 1046 1997 mendicantem
1064 1961 1224 2003 K,Da.c.
1251 1960 1488 1996 mendicando
1510 1961 1616 2005 Dp.c.

86 2020 109 2054 2
129 2020 238 2065 dom.]
255 2021 342 2055 add.
358 2021 462 2066 deos
534 2021 662 2055 alienis
684 2021 822 2056 diuitiis
836 2021 872 2055 Β
945 2031 1071 2056 aureas
1089 2022 1121 2055 Φ
1138 2023 1219 2056 tuas
1241 2032 1374 2066 augeas
1394 2021 1430 2055 Β
1478 2021 1499 2055 3
1521 2031 1615 2054 com-

87 2079 243 2114 matulos
261 2079 301 2114 D
321 2080 522 2115 comatulas
542 2081 574 2114 Φ
647 2082 783 2115 comtos
801 2080 834 2115 G
854 2082 1018 2125 comptus
1031 2080 1070 2115 D
1090 2083 1227 2115 comtus
1252 2081 1283 2114 Φ
1330 2082 1353 2114 4
1372 2080 1528 2114 lasciuus
1542 2079 1618 2114 ΒΦ

87 2138 270 2184 pellantur
295 2139 334 2174 D
435 2134 471 2175 '5
497 2140 642 2174 noxium
673 2131 707 2175 G
827 2140 951 2185 psaltr.
977 2140 1013 2174 Β
1038 2140 1185 2185 psalter.
1217 2138 1328 2174 ΘΒΦ
1351 2138 1553 2184 psaltricias
1578 2138 1621 2172 K

89 2198 140 2239 (ia
164 2208 207 2232 ex
231 2198 243 2232 i
268 2200 346 2243 m2)
378 2198 415 2233 Ψ
487 2210 610 2234 corum
633 2198 666 2234 G
741 2199 879 2234 diabuli
903 2199 934 2233 Φ
953 2199 1071 2234 zabuli
1091 2198 1175 2234 K'F
1219 2199 1240 2233 6
1267 2209 1381 2244 syren.
1411 2197 1618 2243 Gp.c.m2D

88 2256 224 2291 simin.
250 2255 293 2290 K
315 2268 428 2292 seren.
459 2257 535 2292 ΦΨ
611 2257 756 2292 sedibus
786 2257 820 2292 G
898 2258 972 2292 suis
1003 2257 1041 2292 Ψ
1110 2258 1130 2292 7
1158 2255 1371 2302 ispadonum
1402 2256 1435 2291 G
1520 2266 1616 2290 exer-

89 2315 199 2350 citum
223 2315 267 2350 K
366 2316 388 2351 8
412 2316 623 2352 libertatem
654 2316 927 2361 GKQQDam
1025 2318 1046 2351 9
1072 2316 1251 2351 inbecillis
1276 2316 1316 2351 D
1437 2317 1556 2350 aetate
1587 2315 1619 2348 Φ

5 2386 13 2391 ·
89 2374 132 2408 10
158 2373 321 2409 adutitur
349 2375 382 2409 Φ
527 2375 618 2410 libet
647 2375 719 2411 ΘΦ
749 2387 820 2410 non
852 2376 945 2411 libet
969 2376 1008 2410 D
1039 2387 1110 2411 non
1141 2376 1229 2410 licet
1259 2374 1393 2415 KBM'
1422 2375 1454 2420 (e
1485 2385 1529 2409 ex
1561 2375 1617 2417 ea)

86 2431 212 2477 licent]
239 2433 330 2468 libet
359 2434 391 2468 Φ
507 2435 549 2470 11
577 2446 646 2469 non
674 2429 742 2470 om.
773 2436 805 2469 Φ
929 2437 1140 2480 procuretur
1169 2434 1207 2469 Ψ
1331 2433 1556 2469 calamistrus
1583 2433 1618 2466 B

89 2493 133 2527 12
158 2491 359 2528 formonsus
389 2493 468 2528 GK
541 2493 714 2529 candidus
738 2494 809 2530 GB
861 2494 904 2529 13
932 2494 1047 2529 adsec.
1079 2494 1115 2529 Ψ
1139 2493 1279 2528 adsaec.
1310 2492 1421 2528 ΘΚΦ
1447 2503 1555 2527 assec.
1582 2492 1618 2526 Β

90 2552 226 2586 assecla
249 2563 284 2596 g,
314 2563 381 2587 om.
408 2553 448 2588 D
545 2553 742 2588 adhaereat
765 2565 789 2598 g
887 2553 931 2589 14
957 2555 1161 2588 sanctorum
1186 2552 1339 2588 Kaaea‘
1434 2552 1483 2596 et]
1513 2551 1556 2585 ad
1587 2552 1618 2584 Φ

2 2649 15 2661 Δ,
91 2610 133 2644 15
157 2610 363 2646 incubuerit
386 2622 411 2656 g
435 2611 614 2647 incumuit
643 2611 677 2647 G
753 2613 796 2647 16
823 2611 1009 2647 arb.—fid.
1035 2612 1076 2647 in
1099 2623 1166 2656 my.
1192 2611 1261 2656 inf.
1288 2610 1328 2645 K
1407 2610 1561 2644 arbitror
1579 2609 1618 2643 D

10 2663 12 2666 ’
87 2668 221 2703 diuites
245 2669 325 2704 ΚΒ
351 2670 485 2705 diuitas
515 2671 547 2705 Φ
573 2670 714 2706 debitas
743 2670 777 2706 G
873 2673 1086 2715 tantamque
1115 2670 1149 2706 G
1174 2673 1345 2714 tanteque
1376 2670 1408 2703 Φ
1494 2669 1536 2703 17
1558 2679 1615 2713 pr.

88 2729 165 2773 nec]
191 2739 260 2762 non
287 2729 327 2764 D
401 2729 444 2764 18
470 2730 584 2765 tacito
612 2730 688 2765 ΒΦ
783 2730 967 2766 fateantur
991 2730 1035 2765 K
1133 2729 1288 2764 archana
1316 2728 1467 2763 GDY'B
1563 2728 1615 2762 ui-

88 2785 212 2821 demus
231 2786 315 2822 K‘I'
363 2789 406 2823 19
431 2789 521 2834 ign.]
551 2789 637 2824 add.
666 2789 842 2835 quendam
859 2801 884 2834 g
956 2800 1019 2835 per
1043 2791 1122 2823 toto
1148 2788 1242 2834 (tota
1262 2787 1317 2829 K)
1345 2787 1482 2822 oriente
1506 2786 1618 2821 6*ch

88 2855 151 2890 per
173 2848 289 2881 totam
315 2847 493 2882 orientem
526 2848 563 2882 'l'
658 2848 842 2883 uolutasse
867 2848 924 2892 D‚·
950 2849 1034 2883 add.
1062 2858 1237 2883 rumorem
1263 2858 1286 2891 g
