1884 3254
106 648 123 676 5

91 1001 126 1030 10

92 1357 128 1386 15

92 1710 131 1740 20

678 224 886 269 Epistula
911 223 1026 258 XLVI
1049 224 1143 259 1—3
1583 229 1665 270 331

147 354 291 396 holera
327 353 621 410 languentium
661 353 792 404 cibos,
826 353 899 395 sed
931 356 1248 407 temporaneum
1283 355 1326 396 et
1357 354 1588 397 serotinum
1622 355 1672 397 de

149 425 264 467 caelo
303 424 719 479 expectatimbrem.
757 424 860 466 haec
902 426 1013 466 terra
1056 426 1281 467 montuosa
1325 427 1367 467 et
1408 425 1450 467 in
1495 426 1670 467 sublimi
1708 428 1730 463 3

148 496 242 546 sita,
276 497 479 549 quantum
512 506 536 536 a
567 494 730 536 deliciis
763 495 923 537 saeculi
954 498 1092 547 uacat,
1124 498 1290 538 tantum
1328 496 1508 538 maiores
1545 496 1674 539 habet

148 566 320 609 delicias
353 566 578 620 spiritales.
612 566 791 621 denique
824 569 865 608 et
897 567 1044 614 Maria,
1077 569 1212 609 mater
1243 567 1414 619 domini,
1446 559 1685 621 postquam'

149 637 201 680 ad
233 649 324 679 eam
358 636 496 691 angeli
529 638 595 680 est
624 637 737 680 facta
767 637 994 691 promissio
1028 640 1070 679 et
1100 639 1269 680 uterum
1302 651 1427 680 suum
1465 638 1674 680 intellexit

149 719 242 750 esse
275 707 444 750 domum
478 707 556 749 filii
587 702 667 758 dei,
696 707 907 750 derelictis
940 708 1247 761 campestribus
1280 709 1331 750 ad
1362 711 1559 751 montana
1582 721 1674 763 per-

146 779 263 822 rexit.
296 779 346 820 de
377 779 455 820 hac
486 779 588 821 urbe
621 779 833 833 allophylo
867 779 1076 834 quondam
1107 780 1229 822 hoste
1268 782 1463 833 superato
1504 792 1551 821 ac
1590 779 1674 821 dia-

149 849 311 892 bolicae
330 862 531 904 percussa
548 849 697 891 frontis
719 849 906 901 audacia,
926 852 1149 904 postquam
1170 850 1242 892 ille
1261 850 1303 891 in
1324 850 1474 892 faciem
1496 850 1674 901 conruit,

150 920 427 962 exultantium
473 921 706 962 animarum
748 921 873 963 turba
915 921 1126 976 processit
1169 923 1211 963 et
1254 921 1476 963 concinens
1521 921 1674 963 chorus

152 991 295 1034 decem
327 991 492 1034 milium
525 991 664 1034 Dauid
695 992 828 1035 nostri
859 991 1080 1035 uictoriam
1111 991 1387 1047 praedicauit.
1419 993 1460 1033 in
1497 992 1576 1034 hac
1608 1005 1676 1033 an-

152 1063 273 1117 gelus
306 1062 495 1118 gladium
526 1065 674 1105 tenens
708 1066 750 1104 et
780 1064 919 1106 totum
950 1062 1167 1116 inpietatis
1201 1062 1426 1106 deuastans
1460 1063 1602 1105 orbem
1633 1062 1676 1104 in

152 1134 275 1185 Orna,
307 1133 607 1176 Iebusaeorum
633 1134 760 1189 regis,
788 1146 882 1175 area
906 1135 1114 1188 templum
1146 1133 1303 1176 domini
1329 1134 1567 1190 designauit
1593 1134 1677 1176 iam

150 1206 252 1246 tunc
285 1203 528 1258 significans
561 1204 782 1246 ecclesiam
816 1203 974 1247 Christi
1005 1217 1083 1246 non
1116 1204 1157 1246 in
1190 1205 1364 1255 Israhel,
1398 1205 1472 1247 sed
1503 1205 1544 1246 in
1577 1217 1677 1259 gen-

150 1275 267 1317 tibus
294 1276 629 1329 consurgentem.
651 1288 815 1317 recurre
837 1275 889 1317 ad
909 1273 1122 1327 Genesim,
1150 1276 1192 1317 et
1211 1275 1510 1326 Melchisedec,
1535 1287 1676 1329 regem
1729 1273 1733 1277 ”

154 1344 309 1395 Salem,
346 1345 474 1387 huius
511 1345 742 1399 principem
779 1346 970 1388 inuenies
1015 1346 1217 1397 ciuitatis,
1257 1346 1328 1399 qui
1371 1346 1455 1387 iam
1491 1347 1593 1387 tunc
1634 1345 1677 1387 in

152 1418 253 1472 typo
281 1415 439 1458 Christi
463 1428 612 1470 panem
641 1418 684 1458 et
707 1416 854 1458 uinum
882 1416 1039 1458 obtulit
1058 1418 1099 1458 et
1123 1416 1374 1470 mysterium
1396 1415 1680 1458 Christianum

153 1487 195 1529 in
227 1487 451 1529 saluatoris
484 1499 656 1542 corpore
689 1490 731 1529 et
762 1487 966 1543 sanguine
998 1485 1223 1529 dedicauit.

215 1558 254 1600 3.
296 1557 442 1600 Tacita
477 1558 654 1600 forsitan
699 1560 838 1600 mente
881 1557 1173 1612 reprehendas,
1211 1570 1286 1599 cur
1328 1570 1409 1600 non
1455 1569 1682 1612 sequamur

155 1629 341 1672 ordinem
385 1627 704 1683 scripturarum,
749 1629 824 1672 sed
865 1629 1026 1684 passim
1071 1631 1125 1679 et,
1169 1631 1219 1670 ut
1262 1628 1468 1682 quidquid
1511 1627 1680 1670 obuiam

155 1700 331 1751 uenerit,
369 1700 566 1742 turbidus
605 1713 742 1743 sermo
780 1700 1048 1754 perstringat.
1086 1702 1128 1742 et
1165 1700 1206 1741 in
1250 1699 1456 1754 principio
1500 1700 1681 1741 testatae

155 1785 303 1814 sumus
337 1771 606 1814 dile-ctionem
633 1770 820 1813 ordinem
851 1784 932 1813 non
959 1771 1111 1828 habere
1137 1772 1179 1813 et
1202 1771 1494 1825 inpatientiam
1519 1769 1681 1812 nescire

154 1855 392 1884 mensuram
407 1867 463 1871 —
478 1841 588 1884 unde
609 1844 652 1883 et
669 1842 711 1883 in
727 1840 900 1884 Cantico
917 1841 1185 1884 Canticorum
1201 1842 1321 1895 quasi
1336 1840 1506 1883 difficile
1521 1840 1680 1895 praeci-

154 1913 287 1968 pitur:
310 1913 557 1955 ordinate
577 1913 627 1954 in
648 1926 724 1955 me
752 1913 1168 1955 caritatem—et
1186 1925 1296 1955 nunc
1318 1912 1461 1954 eadem
1485 1911 1679 1961 dicimus,

154 1996 229 2026 nos
263 1997 342 2026 non
375 1971 648 2040 ignoratione,
677 1984 751 2026 sed
783 1984 950 2026 adfectu
982 1984 1081 2026 labi.
1109 1984 1300 2038 denique,
1326 1985 1376 2025 ut
1405 1983 1541 2024 multo
1573 1981 1681 2024 inor-

277 2147 293 2180 1
323 2145 367 2181 cf.
392 2147 495 2181 Rom.
524 2146 578 2188 14,
604 2146 626 2180 2
736 2145 780 2182 cf.
807 2146 905 2181 Hier.
933 2146 966 2190 5,
991 2146 1049 2181 24.
1074 2145 1147 2182 Iac.
1173 2147 1205 2190 5,
1233 2146 1252 2180 7
1343 2146 1366 2180 4
1392 2144 1436 2180 cf.
1462 2145 1548 2182 Luc.
1578 2144 1609 2189 1,
1635 2144 1680 2179 39

156 2205 175 2239 7
202 2204 246 2239 cf.
272 2204 289 2238 1
314 2204 404 2250 Reg.
431 2204 486 2250 17,
505 2205 635 2250 4—18,
656 2206 675 2239 7
753 2204 797 2240 10
817 2204 862 2240 cf.
882 2204 900 2239 I
918 2205 999 2240 Par.
1020 2204 1076 2246 21,
1099 2204 1250 2241 15—28.
1270 2204 1306 2239 II
1325 2204 1405 2239 Par.
1427 2205 1500 2257 3‚·1
1572 2203 1617 2238 14
1636 2202 1681 2238 ef.

156 2262 246 2300 Gen.
273 2265 327 2305 14,
355 2264 399 2299 18
425 2275 503 2310 sqq.
577 2263 622 2299 23
648 2263 774 2300 *Cant.
798 2266 832 2309 2,
857 2266 880 2300 4

205 2347 223 2381 1
249 2346 373 2382 holera
397 2346 474 2381 KA
499 2347 596 2382 olera
622 2350 683 2382 cet.
768 2347 1026 2392 languentibus
1050 2347 1088 2381 Β
1148 2347 1168 2381 2
1195 2347 1232 2380 in
1256 2357 1284 2381 3.
1312 2346 1335 2382 l.
1362 2345 1403 2380 K
1474 2346 1495 2381 3
1522 2346 1629 2380 uocat
1646 2344 1684 2379 Β

155 2406 262 2441 bacat
285 2405 319 2441 G
378 2407 401 2441 4
427 2406 574 2452 spiritus
599 2418 624 2452 ς
683 2407 705 2441 5
731 2406 897 2452 angelica
922 2406 957 2441 Β
1030 2406 1126 2441 facta
1152 2407 1208 2440 est
1231 2405 1275 2440 K
1327 2407 1348 2441 6
1373 2405 1424 2440 fili
1454 2404 1488 2440 G
1543 2405 1563 2439 7
1591 2404 1681 2438 allo-

156 2464 255 2510 philo
274 2465 364 2500 AB·
389 2465 463 2510 fylo
488 2464 533 2500 K
553 2465 631 2500 —filo
655 2465 689 2501 G
762 2477 803 2500 ac
832 2465 865 2501 G
893 2468 929 2501 et
954 2470 1016 2501 cet.
1090 2457 1271 2500 zabolicae
1296 2464 1340 2499 K
1385 2465 1405 2499 9
1432 2463 1622 2499 concidens
1647 2462 1685 2496 Β

157 2524 283 2559 chorus
309 2535 377 2560 om.
402 2524 446 2559 K
541 2525 585 2560 10
611 2524 835 2571 praedicabit
862 2524 897 2560 G
1011 2524 1104 2559 hanc
1129 2524 1164 2558 A
1263 2524 1304 2559 11
1332 2522 1621 2557 totam—urbem
1648 2521 1685 2555 Β

159 2584 202 2618 12
224 2595 312 2619 orna
330 2586 389 2627 (=
412 2578 515 2631 Ὀρνά
533 2584 664 2628 LXX)
683 2584 873 2620 GB‘ornia
887 2583 930 2619 K
947 2585 1068 2619 orniae
1088 2584 1123 2618 A
1145 2594 1265 2618 ornam
1285 2595 1309 2628 ς
1380 2582 1625 2617 iebusseorum
1650 2579 1683 2614 G

159 2643 203 2678 13
228 2643 360 2678 eclesia
388 2643 421 2678 G
520 2644 563 2678 14
587 2643 824 2679 meleisedech
850 2643 894 2678 K
914 2642 1179 2678 melchisedech
1204 2642 1277 2676 AB
1380 2641 1424 2676 15
1451 2644 1487 2675 et
1512 2640 1622 2675 salem
1651 2638 1684 2673 B

157 2701 228 2735 iam
255 2712 322 2737 om.
351 2701 385 2737 G
455 2703 497 2737 17
524 2694 639 2747 sangf
650 2703 727 2749 (me
752 2702 801 2746 B)
827 2704 863 2737 et
889 2714 984 2748 corp.
1011 2702 1088 2737 KB
1157 2702 1200 2737 18
1225 2699 1463 2747 reprehendes
1488 2711 1512 2744 ς
1574 2698 1617 2733 19
1643 2699 1685 2732 ut

159 2771 226 2794 om.
254 2762 288 2794 A
385 2761 543 2806 quidque
569 2761 612 2796 K
705 2761 851 2797 obuium
876 2761 912 2796 B
1001 2761 1046 2795 22
1073 2761 1229 2805 cantico]
1258 2759 1397 2795 cantica
1421 2759 1457 2793 Β
1547 2758 1592 2792 24
1620 2767 1685 2791 nos

161 2830 228 2854 om.
254 2820 289 2854 B
387 2820 586 2855 ordinatius
612 2821 647 2854 B
