1884 3254
0 1052 88 1081 *10

661 270 866 316 Epistula
890 269 1005 304 XLVI
1029 270 1122 305 6—7
1561 274 1645 316 337

111 402 334 445 scribitur:
367 400 706 442 restituetur
745 397 972 441 Sodoma
1003 398 1052 440 in
1093 398 1387 453 antiquum,
1423 399 1535 453 quod
1568 400 1646 442 sci-

112 473 216 516 licet
250 472 312 514 ita
346 461 635 514 restituendus
675 469 732 512 sit
769 469 967 522 mundus,
1005 471 1054 511 ut
1092 470 1186 511 ante
1225 469 1320 512 fuit,
1360 482 1495 524 neque
1536 469 1646 512 enim

112 555 340 598 possumus
374 541 539 584 credere
576 553 743 583 rursum
782 539 1081 582 aedificandam
1122 539 1347 582 Sodomam
1389 542 1431 582 et
1469 545 1644 592 ceteras,

113 613 359 657 Gomorram
386 611 589 654 uidelicet
614 615 656 653 et
680 611 868 653 Adaman
891 612 932 653 et
954 610 1138 661 Seboim,
1164 611 1207 652 in
1233 613 1458 665 perpetuos
1486 611 1645 654 cineres

111 683 420 739 relinquendas.
446 683 690 737 Aegyptum
717 684 859 724 autem
884 694 1115 735 numquam
1148 693 1222 736 pro
1248 681 1515 724 Hierusalem
1542 682 1646 737 legi-

110 768 219 807 mus,
253 754 327 797 sed
358 766 525 808 semper
555 754 666 795 hunc
698 753 918 795 mundum.
947 755 989 795 et
1017 753 1114 807 quia
1139 753 1314 808 longum
1342 755 1408 795 est
1434 753 1484 795 de
1513 753 1643 808 scrip-
1680 762 1688 788 ἑ

110 826 216 869 turis
266 824 592 867 innumerabilia
641 824 831 878 exempla
881 836 1118 878 congerere,
1169 836 1300 866 unum
1351 823 1643 866 testimonium

109 896 387 951 proferamus,
421 895 494 937 ubi
532 894 879 937 manifestissime
917 894 1101 937 mundus
1139 894 1208 936 hic
1240 894 1462 949 Aegyptus
1503 896 1640 949 appel-

109 969 235 1010 latur.
266 967 308 1008 in
341 966 526 1020 epistula
558 965 765 1008 catholica
790 966 917 1008 Iudas
951 965 1185 1019 apostolus,
1212 964 1340 1006 frater
1364 965 1519 1017 Iacobi,
1545 966 1643 1008 scri-

113 1038 177 1081 bit
197 1038 358 1080 dicens:
381 1049 713 1079 commonere
734 1038 911 1079 autem
932 1049 1027 1078 uos
1048 1037 1173 1079 uolo
1203 1036 1447 1079 scientes
1475 1037 1643 1079 semel

111 1109 297 1160 omnia,
339 1108 588 1162 quoniam
632 1108 788 1150 Iesus
829 1107 1087 1162 populum
1125 1107 1185 1150 de
1223 1109 1368 1150 terra
1405 1106 1640 1163 Aegypti

110 1181 332 1222 saluans
354 1179 589 1221 secundo
617 1191 720 1229 eos,
749 1179 839 1233 qui
865 1191 963 1221 non
991 1178 1357 1230 crediderunt,
1384 1178 1641 1233 perdidit.

110 1253 153 1293 et
183 1263 234 1292 ne
265 1253 437 1304 putares
471 1250 521 1291 de
547 1250 646 1292 Iesu
681 1249 764 1292 dici
795 1250 881 1292 filio
909 1249 1043 1301 Naue,
1071 1250 1216 1292 statim
1251 1249 1462 1304 sequitur:
1490 1262 1639 1305 ange-

108 1323 190 1364 los
223 1334 365 1372 uero,
398 1321 489 1375 qui
528 1333 627 1363 non
667 1323 1033 1367 seruauerunt
1066 1333 1217 1363 suum
1250 1321 1464 1374 princip
1481 1322 1642 1372 atum,

110 1393 200 1435 sed
240 1392 657 1445 dereliquerunt
697 1404 847 1434 suum
895 1391 1248 1443 domicilium,
1286 1392 1337 1433 in
1369 1391 1639 1434 iudicium

110 1463 286 1519 magni
325 1462 435 1505 diei
472 1462 718 1504 uinculis
762 1463 1003 1505 aeternis
1050 1463 1144 1504 sub
1194 1463 1436 1518 caligine
1475 1476 1640 1506 reser-

109 1534 277 1576 uauit.
310 1536 353 1576 et
389 1536 438 1576 ut
475 1533 633 1584 credas,
666 1533 926 1587 ubicumque
966 1532 1095 1575 simul
1126 1533 1348 1588 Aegyptus
1383 1535 1425 1575 et
1457 1533 1641 1576 Sodoma

109 1608 152 1647 et
190 1604 395 1647 Gomorra
431 1604 713 1654 nominantur,
747 1617 828 1645 non
866 1604 973 1655 loca,
1007 1603 1083 1646 sed
1121 1604 1326 1645 mundum
1365 1603 1477 1646 hunc
1513 1604 1639 1647 inter-

108 1676 275 1730 pretari,
295 1676 439 1718 statim
460 1675 601 1730 iungit
619 1675 874 1729 exemplum:
895 1675 939 1718 si
953 1677 1043 1717 cut
1063 1674 1090 1717 S
1103 1688 1125 1718 o
1139 1675 1198 1717 do
1212 1689 1252 1717 m
1266 1688 1289 1717 a
1311 1677 1362 1717 et
1383 1675 1420 1718 G
1433 1688 1455 1718 o
1467 1689 1509 1718 m
1522 1689 1544 1718 o
1556 1689 1641 1718 rra

98 1749 162 1789 et
203 1746 479 1788 finitimae
531 1746 798 1788 ciuitates
845 1746 1018 1788 simili
1062 1746 1213 1789 modo
1261 1747 1638 1790 exfornicatae

108 1821 160 1860 et
185 1818 448 1860 abeuntes
475 1820 599 1872 post
627 1830 833 1860 carnem
861 1819 1089 1860 alteram
1115 1818 1293 1860 factae
1321 1821 1447 1860 sunt
1473 1831 1636 1861 exem-

107 1890 251 1943 plum
300 1890 447 1944 ignis
498 1890 708 1931 aeterni
757 1902 976 1943 poenam
1030 1890 1390 1941 sustinentes.
1441 1891 1484 1932 et
1534 1889 1637 1943 quid
1678 1901 1691 1908 ·

106 1973 278 2004 necesse
304 1963 370 2002 est
392 1960 515 2014 plura
546 1960 804 2015 conquirere,
833 1973 930 2003 cum
962 1963 1060 2015 post
1089 1961 1329 2014 passionem
1362 1962 1406 2002 et
1428 1973 1636 2003 resurrec-

105 2032 262 2073 tionem
295 2032 454 2073 domini
478 2032 696 2074 Mattheus
729 2032 991 2086 euangelista
1023 2034 1341 2074 commemoret:
1370 2034 1421 2074 et
1452 2034 1636 2086 petrae

107 2103 318 2145 scissae
351 2106 477 2144 sunt
521 2104 572 2145 et
611 2103 904 2156 sepulchra
942 2105 1130 2157 aperta
1170 2105 1221 2144 et
1257 2103 1492 2158 plurima
1531 2116 1635 2146 cor-

105 2185 231 2227 pora
264 2173 649 2216 dormientium
677 2175 989 2216 sanctorum
1022 2177 1388 2217 surrexerunt.
1418 2176 1468 2216 et
1494 2188 1637 2230 egre-

105 2244 319 2287 dientes
366 2245 424 2286 de
465 2245 777 2299 sepulchris
816 2247 942 2300 post
978 2245 1442 2293 resurrectionem
1477 2248 1635 2288 'suam

104 2315 347 2370 ingressi
386 2318 510 2358 sunt
548 2318 789 2358 sanctam
836 2317 1122 2359 ciuitatem
1170 2319 1220 2358 et
1264 2321 1635 2371 apparuerunt

225 2442 241 2476 1
270 2441 420 2479 *Ezech.
450 2443 505 2487 16,
532 2443 578 2478 55
650 2443 674 2477 4
700 2443 744 2478 cf.
771 2443 878 2478 Deut.
905 2443 963 2488 29,
988 2444 1034 2478 23
1112 2444 1155 2479 10
1180 2443 1289 2478 Iudas
1316 2445 1337 2478 5
1408 2445 1450 2480 13
1477 2444 1585 2479 Iudas
1612 2446 1632 2480 6

105 2501 147 2535 19
174 2500 283 2536 Iudas
309 2502 328 2536 7
404 2502 449 2536 24
475 2502 629 2537 *Mattu
655 2502 713 2547 27,
740 2503 881 2539 51—53

150 2572 171 2606 2
198 2572 261 2616 sit]
290 2574 347 2606 est
371 2571 415 2607 K
502 2573 523 2607 3
550 2584 688 2608 sursum
715 2573 759 2608 K
845 2574 867 2609 4
893 2575 1033 2610 scilicet
1055 2586 1080 2619 g
1170 2586 1231 2621 pr.
1259 2576 1295 2610 et
1321 2586 1387 2610 om.
1415 2575 1451 2609 B
1548 2575 1631 2609 ada-

103 2641 196 2665 mam
221 2642 246 2675 ς
390 2631 548 2666 eseboim
574 2632 634 2676 K,·
659 2633 745 2668 add.
772 2633 834 2669 sed
859 2645 884 2679 g
1009 2635 1030 2669 6
1057 2635 1153 2670 hunc
1177 2635 1240 2679 m.]
1268 2645 1331 2679 pro
1357 2634 1426 2669 hoc
1452 2633 1583 2668 mundo
1609 2645 1633 2678 ς

102 2690 154 2734 et]
182 2689 245 2723 sed
271 2690 313 2724 K
406 2691 426 2725 8
453 2690 504 2725 ibi
530 2692 565 2726 Β
680 2693 824 2738 egiptus
849 2693 907 2728 hic
933 2705 1017 2728 mun
1044 2694 1124 2738 (sic)
1151 2694 1187 2728 Β
1213 2696 1388 2739 aegyptus
1414 2692 1566 2727 mundus
1593 2692 1636 2726 K

29 2748 39 2795 J
105 2748 148 2782 10
174 2749 284 2783 semel
310 2760 377 2786 om.
404 2749 439 2783 B
538 2750 582 2785 12
607 2751 802 2786 secundum
828 2752 871 2787 K
970 2752 1196 2788 crediderant
1225 2753 1258 2788 G
1358 2753 1399 2787 13
1426 2754 1572 2798 putaret
1596 2752 1632 2785 B

104 2807 147 2842 15
174 2806 347 2853 derelinq.
367 2808 402 2842 B
468 2806 514 2843 '16
542 2809 627 2855 diei]
655 2802 692 2845 isi
717 2812 776 2854 (=
805 2811 876 2856 dei)
904 2812 980 2847 KB
1065 2812 1220 2848 externis
1249 2813 1284 2846 Β
1351 2813 1394 2846 18
1420 2811 1483 2846 sed
1503 2822 1569 2847 om.
1592 2809 1635 2844 K

101 2865 147 2901 20
174 2866 371 2901 fornicatae
395 2879 420 2912 g
491 2867 534 2902 21
563 2869 724 2914 exemplo
750 2870 794 2904 K
861 2870 906 2905 24
934 2871 1100 2906 matheus
1126 2870 1162 2905 Β
1235 2871 1280 2904 25
1307 2870 1410 2916 plura
1434 2869 1470 2904 B

138 2948 215 2974 L1v.
238 2948 362 2975 Hieron.
385 2948 483 2983 Epist.
504 2950 527 2975 1.
1537 2940 1582 2974 22
