1884 3254
223 237 308 279 272
769 233 918 269 Sancti
942 232 1194 277 Hieronymi

222 367 462 407 nostrorum
491 364 576 405 ista
608 363 814 404 sententia
845 364 923 410 est,
956 361 1067 415 quod
1100 362 1248 415 putent
1278 360 1320 401 in
1353 360 1534 414 septima
1570 373 1735 415 genera-

222 434 334 477 tione
372 447 393 475 a
423 433 604 475 Lamech
642 432 907 474 interfectum
941 431 1053 474 Cain.
1085 431 1215 472 Adam
1250 430 1404 484 quippe
1443 431 1590 485 genuit
1621 430 1735 479 Cain,

225 504 324 548 Cain
350 504 497 558 genuit
523 503 676 552 Enoch
705 502 844 543 Enoch
873 501 1019 555 genuit
1046 500 1221 550 Gaidad
1250 499 1411 542 Gaidad
1437 501 1582 555 genuit
1607 501 1734 542 Male-

222 576 317 625 leel‚
342 574 535 615 Maleleel
566 573 712 628 genuit
735 572 1032 623 Mathusalam‚
1058 571 1339 612 Mathusalam
1371 572 1517 626 genuit
1542 571 1735 614 Lamech.

224 645 294 698 qui
326 644 532 697 septimus
559 643 610 684 ab
636 642 769 683 Adam
802 654 880 683 non
915 645 1075 694 sponte,
1107 641 1234 693 sicuti
1265 641 1304 682 in
1340 641 1518 694 quodam
1545 641 1736 684 Hebraeo

221 715 435 757 uolumine
474 714 684 761 scribitur,
722 712 932 754 interfecit
969 711 1082 754 Cain.
1120 715 1160 754 et
1191 711 1284 765 ipse
1314 716 1462 765 postea
1498 712 1736 755 confitetur.

224 785 338 839 quia
365 785 526 826 uirum
553 783 717 826 occidi
744 782 791 824 in
813 783 1019 824 uulnere
1039 782 1161 823 mihi
1183 785 1231 824 et
1249 782 1480 824 iuuenem
1500 783 1547 824 in
1572 783 1736 825 liuore

222 868 341 906 meo,
369 854 597 909 quoniam
626 854 815 906 septies
843 853 1192 895 uindicabitur
1217 853 1272 895 de
1293 853 1426 903 Cain,
1448 854 1503 895 de
1527 854 1736 896 Lamech

223 927 384 967 autem
430 923 721 978 septuagies
766 923 969 976 septies
1015 926 1058 965 et
1095 923 1264 977 quidem
1302 923 1354 965 de
1393 923 1507 975 Cain,
1547 924 1657 977 quod
1694 925 1735 966 in

222 995 401 1050 septima
425 994 689 1050 generatione
720 993 968 1035 interfectus
995 993 1052 1035 sit
1076 996 1119 1035 et
1142 994 1260 1035 iuxta
1284 994 1409 1036 aliam
1436 994 1735 1048 expositionem

221 1079 394 1121 poenam
427 1066 494 1110 sui
525 1065 695 1107 sceleris
728 1064 900 1114 dederit,
927 1065 1033 1106 nihil
1065 1065 1232 1107 obscuri
1263 1065 1441 1107 arbitror
1470 1066 1736 1108 remansisse.

281 1138 319 1179 5.
352 1135 474 1178 Nunc
505 1136 624 1186 illud,
652 1135 765 1189 quod
796 1148 877 1176 non
909 1136 1257 1191 interrogaueras‚
1285 1136 1384 1178 dum
1417 1136 1530 1178 aliud
1557 1136 1735 1191 agimus,

218 1206 412 1260 inrepsit:
431 1218 536 1259 quae
555 1206 641 1247 sint
658 1205 926 1261 septuaginta
945 1207 1105 1260 septem
1125 1206 1350 1265 uindictae,
1372 1219 1477 1260 quae
1497 1207 1538 1248 in
1557 1206 1737 1249 Lamech

221 1277 496 1318 exsoluendae
528 1276 623 1319 sint.
655 1276 773 1318 aiunt
803 1276 852 1317 ab
886 1276 1021 1318 Adam
1060 1289 1193 1330 usque
1233 1276 1283 1318 ad
1316 1276 1531 1319 Christum
1570 1289 1738 1332 genera-

219 1348 354 1390 tiones
388 1347 657 1401 septuaginta
681 1350 855 1400 septem.
881 1348 1020 1402 relege
1045 1347 1202 1389 Lucam
1228 1348 1530 1403 euangelistam
1559 1350 1602 1390 et
1623 1348 1738 1390 inue-

218 1419 307 1459 nies
337 1418 398 1459 ita
428 1430 534 1467 esse,
561 1421 610 1459 ut
635 1417 826 1460 dicimus.
852 1418 979 1460 sicuti
1009 1431 1107 1473 ergo
1140 1419 1320 1472 septima
1345 1419 1610 1473 generatione
1637 1417 1736 1461 Cain

218 1490 436 1542 peccatum
463 1489 528 1530 est
553 1488 809 1530 dissolutum
828 1513 886 1517 —
910 1501 990 1530 non
1017 1489 1249 1530 uindicabit
1273 1490 1426 1543 quippe
1451 1489 1518 1531 bis
1544 1489 1737 1531 dominus

337 1661 358 1695 3
385 1660 428 1695 cf.
456 1659 545 1695 Gen.
570 1661 604 1705 4,
631 1660 769 1695 17—18
833 1661 852 1695 7
874 1658 994 1695 **Gen.
1020 1662 1053 1705 4,
1080 1661 1224 1695 23-24
1286 1662 1329 1696 15
1356 1662 1398 1697 cf.
1426 1661 1512 1697 Luc.
1537 1661 1570 1705 3,
1595 1661 1737 1697 23-38

269 1756 284 1789 1
315 1757 370 1789 est
394 1756 484 1789 sent.
510 1755 544 1789 Ω
640 1765 730 1799 quae
756 1760 789 1790 m
887 1756 1020 1799 putant
1043 1754 1120 1789 AD
1197 1755 1266 1789 VII
1289 1755 1330 1790 D
1354 1758 1493 1800 septem
1516 1755 1554 1790 A
1629 1766 1739 1801 gene-

219 1814 374 1849 rationes
400 1814 435 1848 A
537 1814 559 1848 3
585 1813 716 1858 gaidad
741 1813 796 1848 bis
819 1814 854 1849 Ω
878 1813 1023 1849 caiddat
1048 1814 1103 1849 bis
1127 1820 1160 1850 m
1187 1814 1315 1849 cainan
1340 1815 1467 1849 cainan
1494 1815 1549 1849 bis
1572 1818 1634 1850 cet.
1660 1814 1739 1850 irad

220 1873 275 1908 bis
297 1884 321 1917 g
427 1872 592 1907 malaleel
615 1873 807 1907 malelehel
831 1874 865 1908 ,Ω
889 1872 1079 1908 melelehel
1104 1873 1159 1908 bis
1179 1880 1211 1909 m
1237 1874 1404 1909 malaleel
1429 1874 1484 1909 bis
1501 1884 1522 1920 q
1546 1874 1740 1910 malalehel

221 1932 274 1966 bis
299 1935 361 1968 cet.
380 1931 536 1966 mauiael
555 1932 610 1966 bis
626 1943 651 1976 g
721 1933 744 1967 4
768 1932 1010 1967 mathusalam
1035 1933 1090 1968 bis
1108 1934 1142 1968 ,Ω
1165 1933 1380 1968 matusalam
1405 1933 1460 1969 bis
1484 1933 1740 1978 AD‚Bp.c.m2

220 1991 449 2026 matussalem
468 1991 703 2025 matussalam
716 1991 886 2026 Ba.c.m2
904 1991 1105 2026 mathusale
1123 1992 1328 2027 mathusala
1342 1998 1374 2028 m
1394 1992 1607 2027 matusalem
1625 1994 1740 2027 matu-

221 2050 330 2084 salam
357 2060 377 2095 q
451 2050 473 2084 5
499 2050 594 2084 sicut
617 2049 686 2084 ΩΒ
710 2052 752 2085 ut
775 2049 852 2084 AD
940 2050 1110 2096 quodam]
1139 2062 1208 2096 quo
1234 2051 1319 2085 dum
1345 2062 1366 2096 q
1393 2051 1488 2096 quod
1507 2057 1540 2087 m
1632 2050 1738 2086 ebreo

221 2111 323 2153 (corr.
350 2109 496 2153 hebreo)
521 2110 594 2144 uol.
614 2115 647 2145 m
673 2109 746 2145 uol.
772 2110 878 2144 ebreo
897 2110 934 2143 B
978 2125 983 2128 ·
1005 2111 1026 2145 6
1052 2110 1224 2145 interficit
1244 2116 1277 2147 tn
1352 2112 1400 2155 et]
1426 2113 1467 2145 ut
1485 2111 1521 2145 A
1595 2112 1614 2146 7
1642 2110 1737 2156 quia]

222 2178 289 2213 que
317 2173 349 2203 tn
447 2167 580 2202 occidit
603 2170 635 2212 (t
659 2168 765 2214 eraS.)
785 2168 823 2205 ln
933 2169 1030 2204 uuln.
1055 2168 1146 2203 mihi
1171 2170 1205 2204 Ω
1229 2170 1456 2204 uulneremus
1482 2180 1503 2215 q
1529 2169 1625 2204 uuln.
1657 2180 1736 2204 meo

220 2228 311 2271 (meo
331 2229 394 2261 m2
412 2237 455 2261 ew
473 2226 536 2261 nfo
545 2227 577 2270 Ρ)
594 2227 632 2261 Β
649 2228 745 2262 uuln.
763 2238 843 2262 meo
864 2232 925 2263 cet.
994 2230 1031 2263 et
1048 2238 1076 2263 8.
1098 2229 1120 2263 1.
1139 2230 1203 2263 m2
1219 2228 1256 2262 Β
1304 2231 1326 2263 9
1347 2229 1398 2274 et]
1416 2228 1506 2264 haec
1523 2229 1559 2263 A
1578 2229 1645 2264 hec
1661 2228 1738 2263 DB

221 2286 287 2320 hoc
311 2297 335 2329 g
409 2286 516 2331 quod]
544 2297 612 2331 que
639 2294 671 2322 m
743 2287 794 2332 in]
821 2298 890 2322 om.
917 2293 986 2332 inq,
1010 2298 1038 2322 s.
1064 2288 1087 2324 Ζ.
1113 2289 1175 2322 m2
1202 2289 1235 2322 Β
1297 2287 1342 2322 10
1366 2299 1387 2322 a
1410 2288 1550 2323 lamech
1574 2287 1697 2322 interf.
1713 2298 1740 2332 ς

223 2345 315 2390 exp]
343 2345 537 2379 editionem
557 2345 670 2380 ADB
744 2346 785 2380 11
813 2347 886 2380 suis
913 2346 1025 2382 mAD
1106 2346 1301 2382 sceleribus
1322 2346 1400 2382 AD
1470 2346 1622 2392 dederit]
1649 2346 1735 2382 add.

223 2403 317 2449 quod
336 2405 393 2438 tot
412 2404 704 2448 generationibus
724 2416 870 2450 gemens
890 2408 926 2440 et
943 2407 1099 2440 tremens
1118 2405 1260 2440 uiueret
1279 2416 1386 2450 super
1402 2408 1532 2440 terram
1545 2416 1570 2450 ς
1634 2405 1736 2450 nihil]

224 2463 316 2497 enim
337 2469 369 2498 m
444 2464 591 2498 obscure
608 2465 642 2498 Ω
690 2464 733 2498 12
758 2466 866 2510 nunc]
895 2464 939 2499 de
964 2465 1198 2511 septuaginta
1221 2465 1292 2500 V11
1315 2465 1487 2500 uindictis
1511 2465 1627 2500 lamec
1644 2475 1737 2499 nunc

222 2522 258 2556 B
282 2532 353 2556 non
374 2528 406 2557 m
481 2522 590 2566 quod]
612 2534 679 2567 que
700 2530 732 2558 tn
805 2535 876 2558 non
896 2534 988 2558 eras.
1008 2524 1044 2558 A
1116 2524 1212 2569 dum]
1238 2523 1330 2558 dicit
1349 2529 1382 2560 ln
1433 2524 1477 2559 13
1504 2523 1738 2568 septuaginta

224 2582 261 2615 et
284 2579 352 2614 VII
370 2580 405 2614 B
430 2579 595 2614 LXXVII
621 2582 718 2626 mqD
815 2582 881 2617 alt.
907 2583 1010 2627 quae]
1037 2593 1142 2627 quem
1168 2584 1202 2616 A
1298 2583 1334 2617 in
1359 2593 1386 2619 8.
1414 2582 1437 2617 l.
1463 2582 1499 2616 A
1573 2582 1616 2616 15
1640 2581 1736 2615 LXX

223 2641 359 2684 septem
379 2639 413 2673 B
431 2639 525 2674 LXX
553 2641 590 2674 et
608 2639 674 2674 VII
694 2641 728 2675 Ω
750 2641 915 2676 LXXVII
932 2641 972 2676 D
1041 2641 1122 2686 lege
1141 2641 1217 2676 AD
1288 2642 1391 2676 lu'can
1410 2641 1450 2676 D
1499 2641 1542 2676 16
1567 2640 1733 2685 dicimus]

223 2709 266 2732 ex
284 2697 435 2732 diximus
454 2700 517 2733 m2
540 2699 583 2740 Ως
602 2699 687 2734 add.
708 2710 794 2744 cayn
814 2693 999 2744 peccatum
1019 2700 1174 2735 solutum
1195 2712 1259 2746 per
1275 2711 1402 2746 penam
1420 2700 1516 2734 notis
1535 2700 1570 2734 Β
1640 2699 1737 2734 sicut

223 2755 333 2790 ADB
355 2772 357 2774 ·
430 2758 529 2802 ergo]
558 2758 650 2792 enim
678 2764 733 2802 mq
810 2759 850 2793 17
878 2758 1079 2793 uindicauit
1104 2759 1235 2804 quippe
1262 2760 1352 2804 ωΩᾳ
1377 2758 1578 2793 uindicabit
1594 2758 1631 2792 A
1655 2756 1734 2792 uin-

224 2814 358 2849 dicauit
382 2815 421 2849 D
447 2816 539 2850 enim
564 2816 764 2851 uindicabit
787 2828 811 2861 g
954 2817 1048 2853 dom.
1074 2818 1127 2852 bis
1152 2818 1188 2852 B
1213 2817 1300 2853 deus
1325 2812 1385 2852 bis
1405 2819 1466 2862 (ex
1490 2817 1545 2852 uis
1569 2817 1622 2863 D)
1647 2816 1737 2861 A,D

1780 654 1800 683 5

1761 998 1799 1028 10

1762 1350 1800 1380 1⁶
