1884 3254
624 246 833 292 Epistula
856 246 1044 282 XXXVIII
1071 248 1163 283 1-4
1567 252 1650 293 291

126 376 382 420 scandalizet
412 376 632 427 Iohannes,
665 388 746 429 quo
779 375 888 418 inter
919 378 1039 419 natos
1072 376 1299 419 mulierum
1338 377 1472 420 maior
1511 379 1652 421 nullus

126 447 221 495 fuit,
261 447 333 501 qui
370 448 544 502 angelus
583 447 722 489 dictus
759 446 901 501 ipsum
941 460 1108 502 quoque
1147 447 1364 490 dominum
1407 449 1655 503 baptizauit‚

127 518 200 572 qui
232 517 485 560 camelorum
511 517 698 560 uestitus
724 518 940 572 tegumine
966 531 1068 561 zona
1091 519 1262 572 pellicia
1287 519 1544 575 cingebatur.
1574 520 1656 563 cibi

127 588 354 642 displicent
389 588 581 630 uiliores:
619 588 724 630 nihil
760 588 890 631 uilius
930 591 996 631 est
1030 589 1224 632 locustis.
1261 589 1359 632 illae
1394 591 1654 634 Christianos
1693 594 1715 628 2

86 672 104 700 5
127 659 272 702 oculos
299 659 440 714 potius
462 658 759 711 scandalizent,
788 672 894 714 quae
920 660 1170 715 purpurisso
1198 662 1241 703 et
1266 661 1519 715 quibusdam
1545 662 1654 704 fucis

125 742 196 772 ora
229 731 459 784 oculosque
491 730 737 785 depingunt,
767 744 944 785 quarum
971 731 1101 774 facies
1128 744 1311 787 gypseae
1338 734 1380 774 et
1405 733 1533 775 nimio
1561 745 1654 775 can-

125 801 223 843 dore
262 801 469 844 deformes
505 801 620 843 idola
655 802 930 854 mentiuntur,
970 803 1125 857 quibus
1164 803 1201 846 si
1237 803 1346 845 forte
1382 803 1654 858 inprouidens

123 871 391 914 lacrimarum
431 872 548 914 stilla
585 873 782 928 eruperit,
822 874 940 916 sulco
986 873 1146 925 defluit,
1187 886 1290 928 quas
1335 886 1410 916 nec
1453 887 1654 917 numerus

123 955 325 986 annorum
351 945 495 998 potest
520 943 681 996 docere,
703 944 812 998 quod
839 944 1011 987 uetulae
1038 947 1151 996 sunt,
1180 957 1286 999 quae
1314 945 1479 999 capillis
1506 945 1654 988 alienis

64 1027 100 1055 ιο
125 1014 327 1057 uerticem
358 1015 577 1057 instruunt
603 1017 645 1058 et
669 1016 938 1069 praeteritam
964 1015 1233 1058 iuuentutem
1258 1016 1299 1058 in
1325 1015 1443 1071 rugis
1470 1016 1653 1059 anilibus

122 1085 302 1139 poliunt,
341 1098 448 1139 quae
486 1086 664 1141 denique
703 1088 798 1128 ante
841 1088 1044 1141 nepotum
1090 1099 1261 1142 gregem
1298 1088 1526 1129 trementes
1571 1087 1653 1129 uir-

123 1156 331 1211 gunculae
363 1159 668 1211 conponuntur.
702 1157 924 1200 erubescat
954 1157 1108 1199 mulier
1140 1157 1390 1214 Christiana,
1419 1157 1455 1200 si
1480 1159 1653 1200 naturae

124 1227 241 1282 cogit
277 1227 483 1280 decorem,
517 1228 555 1270 si
593 1228 727 1270 carnis
767 1240 910 1270 curam
947 1227 1049 1270 facit
1087 1228 1139 1270 ad
1177 1228 1577 1282 concupiscentiam,
1610 1228 1652 1270 in

123 1310 205 1352 qua
238 1298 310 1353 qui
343 1301 455 1349 sunt,
488 1298 720 1341 secundum
752 1299 991 1353 apostolum
1033 1299 1203 1342 Christo
1235 1300 1400 1354 placere
1438 1312 1518 1342 non
1558 1312 1652 1354 pos-

64 1382 100 1410 15
124 1372 235 1411 sunt.

181 1443 220 1484 4.
253 1441 393 1485 Uidua
422 1443 566 1483 nostra
597 1443 691 1483 ante
722 1441 952 1484 monilibus
985 1441 1211 1483 ornabatur
1242 1443 1284 1483 et
1315 1441 1382 1483 die
1413 1442 1516 1492 tota,
1550 1440 1653 1495 quid

121 1514 203 1556 sibi
229 1513 410 1564 deesset,
430 1513 656 1567 quaerebat
681 1512 732 1555 ad
759 1512 1001 1566 speculum;
1026 1524 1136 1554 nunc
1161 1512 1352 1566 loquitur
1377 1511 1651 1554 confidenter:

121 1596 208 1626 nos
235 1586 399 1627 autem
427 1596 591 1626 omnes
617 1583 848 1626 reuelata
874 1583 1003 1626 facie
1030 1583 1242 1639 gloriam
1263 1583 1452 1625 domini
1480 1595 1651 1638 specu-

120 1656 284 1697 lantes
309 1654 358 1697 in
386 1655 587 1697 eandem
618 1654 887 1710 imaginem
919 1654 1341 1707 transformamur
1366 1665 1390 1695 a
1415 1653 1578 1709 gloria
1604 1653 1650 1695 in

59 1737 98 1767 so
123 1725 348 1781 gloriam,
395 1725 539 1780 quasi
577 1737 601 1767 a
639 1724 827 1767 domini
872 1724 1072 1779 spiritu.
1111 1726 1212 1767 tunc
1251 1724 1386 1767 crines
1425 1724 1649 1767 ancillulae
1687 1727 1711 1764 2

120 1796 399 1850 disponebant
424 1798 467 1838 et
491 1796 666 1839 mitellis
699 1795 982 1850 crispantibus
1015 1799 1159 1838 uertex
1190 1795 1406 1837 artabatur
1435 1795 1648 1846 innoxius;

242 1936 258 1970 1
289 1935 332 1972 cf.
359 1935 490 1971 Matth.
520 1935 574 1980 11,
605 1935 648 1970 11
765 1934 786 1969 2
813 1934 857 1970 ef.
882 1934 1012 1970 Matth.
1041 1934 1096 1976 11,
1125 1934 1169 1969 10
1195 1936 1263 1969 eto.
1386 1931 1589 1969 assuatth.
1614 1934 1648 1977 3,

122 1995 261 2030 13—16
289 1998 377 2032 etos
429 1995 451 2030 3
477 1994 520 2032 cf.
546 1994 679 2031 Matth.
705 1995 739 2037 3,
764 1995 787 2029 4
859 1995 882 2029 4
908 1993 953 2030 of.
978 1994 1108 2029 Matth.
1135 1994 1168 2039 3,
1194 1994 1217 2028 4
1298 1993 1342 2028 14
1368 1992 1411 2028 cf.
1438 1992 1541 2027 nom.
1567 1992 1601 2037 8‚
1627 1992 1648 2027 8

122 2054 165 2089 18
191 2053 251 2088 *11
277 2053 355 2090 cor.
383 2055 416 2099 3,
446 2053 488 2088 18

170 2138 185 2171 1
215 2138 297 2183 quo]
326 2137 382 2172 cui
407 2136 452 2171 N
518 2138 623 2172 natus
649 2136 684 2171 L
761 2136 850 2171 null.
874 2136 957 2171 mai.
983 2136 1029 2171 N
1078 2136 1100 2170 2
1125 2135 1196 2170 fuit
1221 2134 1338 2169 dictus
1363 2133 1399 2168 L
1454 2134 1475 2170 3
1502 2133 1586 2179 quia
1610 2134 1650 2169 D

117 2196 275 2231 uestitur
298 2195 342 2231 N
432 2195 608 2242 tegimine
635 2195 676 2231 N
697 2196 858 2241 tegmine
885 2195 996 2230 HDB
1093 2194 1246 2240 pellicea
1269 2205 1294 2238 g
1389 2194 1412 2228 4
1439 2195 1495 2228 est
1520 2203 1588 2228 om.
1612 2192 1649 2228 Β

117 2255 268 2290 lucustis
295 2255 334 2290 D
446 2255 511 2291 illa.
536 2254 612 2290 LD
708 2255 729 2289 5
756 2253 878 2290 scand.
904 2256 979 2300 pot.
1007 2253 1046 2288 D
1159 2252 1364 2300 purporisso
1390 2251 1430 2287 D
1465 2259 1470 2263 ·
1537 2250 1648 2287 fuscis

117 2324 182 2348 ora
205 2313 244 2349 D
269 2314 425 2349 fusciora
450 2314 485 2349 L
606 2314 627 2349 6
653 2314 862 2359 oculosque]
889 2314 925 2348 et
951 2313 1073 2348 oculos
1098 2312 1145 2354 B,
1171 2322 1238 2348 om.
1265 2311 1310 2346 N
1413 2310 1588 2356 epingunt
1612 2310 1649 2345 Β

118 2373 138 2407 7
164 2373 365 2419 inprouidis
390 2373 433 2409 N
525 2374 547 2409 8
574 2373 672 2409 stille
698 2373 816 2417 (stilla
838 2373 958 2418 Np.e.)
984 2372 1122 2418 ruperit
1145 2371 1225 2407 LN
1328 2381 1515 2406 numerum
1539 2369 1648 2405 Na.c.

117 2432 140 2467 9
166 2431 285 2468 dicere
309 2432 481 2468 Na.c.m2
577 2432 650 2468 sint
674 2433 719 2469 N
787 2432 831 2467 lo
856 2433 992 2467 uertice
1018 2431 1057 2467 N
1152 2431 1298 2466 struunt
1322 2429 1438 2465 DNB
1535 2428 1647 2463 anali-

115 2490 184 2526 bus
208 2491 317 2527 Na.c.
393 2492 434 2527 11
462 2492 632 2538 polluunt
658 2492 700 2527 N
793 2494 875 2527 ante
902 2502 970 2528 om.
995 2491 1041 2527 N
1130 2491 1327 2526 trementes
1353 2500 1383 2524 s.
1411 2489 1433 2525 l.
1460 2488 1496 2522 Β
1574 2487 1646 2522 uir-

117 2550 224 2596 gulae
251 2551 285 2585 L
376 2551 419 2586 12
446 2550 659 2587 erubescant
683 2551 729 2587 N
818 2553 983 2586 naturam
1009 2550 1049 2585 D
1141 2550 1184 2586 13
1211 2560 1282 2586 cur.
1310 2548 1426 2584 carnis
1451 2547 1488 2582 B
1585 2545 1643 2591 ad]

116 2609 154 2644 in
179 2609 219 2644 D
292 2611 337 2646 14
362 2610 436 2656 qui]
464 2621 531 2656 que
557 2610 729 2655 Np.c.m2
803 2611 847 2647 16
873 2609 1069 2645 munilibus
1096 2609 1130 2644 L
1154 2608 1330 2644 morosius
1355 2606 1399 2660 N
1482 2606 1523 2641 17
1552 2604 1643 2640 conf.

115 2667 188 2714 loq.
215 2669 255 2703 N
353 2670 396 2705 18
423 2672 544 2705 autem
571 2680 640 2705 om.
666 2669 704 2704 D
807 2680 930 2704 omnes
956 2679 1024 2704 om.
1053 2668 1088 2703 B
1190 2667 1322 2703 faciem
1348 2665 1456 2701 Nem.
1555 2663 1646 2709 glor.

33 2755 38 2758 .
118 2726 210 2762 dom.
237 2728 278 2763 in
300 2739 376 2764 ras.
402 2729 446 2764 N
536 2727 596 2764 dei
621 2729 657 2763 B
738 2728 781 2763 19
808 2727 933 2764 eadem
960 2728 998 2763 D
1071 2727 1118 2763 20
1145 2727 1260 2773 quasi]
1289 2726 1339 2760 sic
1367 2728 1407 2769 (8.
1436 2724 1459 2759 l.
1486 2722 1572 2758 add.
1598 2721 1646 2757 ud

115 2787 191 2829 m2)
217 2786 256 2821 N
328 2798 348 2821 a
373 2797 442 2822 om.
466 2786 502 2820 L
582 2787 734 2823 ancillae
758 2787 798 2822 D
850 2787 893 2822 21
921 2786 1080 2822 metellis
1106 2785 1149 2821 N
1169 2784 1336 2820 mitrellis
1363 2784 1399 2818 Β
1471 2781 1586 2817 uertix
1612 2781 1647 2816 11

116 2845 263 2880 arbatur
290 2845 329 2880 11
420 2846 574 2880 innoxiis
601 2845 774 2882 Na.c.m2

1531 2910 1597 2946 12*
