1884 3254
254 283 339 325 376
799 279 950 314 Sancti
976 278 1231 322 Hieronymi

255 424 347 454 esse
386 410 649 459 sententiam,
695 411 781 449 tam
820 407 946 448 huius
993 405 1194 448 uidelicet
1231 418 1355 460 quam
1393 406 1663 460 reliquorum,
1702 407 1775 461 qui

255 482 304 524 de
350 479 648 523 ecelesiasticis
699 476 968 532 dogmatibus
1013 476 1299 530 disputarunt;
1346 489 1529 530 quorum>
1573 477 1774 519 aemulari

254 555 402 606 exopto
436 548 745 606 neglegentiam
776 547 933 602 potius,
968 559 1093 600 quam
1125 546 1302 589 aliorum
1341 547 1560 590 obscuram
1600 547 1774 601 diligen—

196 632 215 657 ’-
255 622 368 663 tiam.
394 622 559 662 tument
586 622 729 661 eontra
753 630 819 659 me
845 616 998 666 mariti,
1027 628 1154 670 quare
1180 616 1371 659 dixerim:
1405 629 1492 659 oro
1525 619 1589 667 te,
1617 618 1774 672 quale

254 691 394 733 illud
426 691 616 732 bonum
649 691 744 738 est,
772 687 910 742 quod
937 700 1086 730 orare
1117 688 1386 742 prohibet,
1414 688 1552 742 quod
1578 701 1774 743 corpus

256 760 464 804 Christi
515 759 765 813 accipere
814 771 912 800 non
961 758 1284 813 permittit?
1335 758 1542 813 quando
1592 758 1775 812 inpleo

254 831 436 874 mariti
464 830 726 880 officium,
746 841 844 871 non
870 828 1054 883 inpleo
1083 829 1433 872 continentis.
1460 830 1613 871 iubet
1637 829 1775 872 idem

256 901 611 957 apostolusin
639 900 747 942 alio
772 900 907 950 loeo,
928 901 986 941 ut
1013 912 1221 954 semper
1246 912 1470 942 oremus.
1497 900 1541 943 si
1569 912 1778 954 semper

257 972 508 1014 orandum
536 973 631 1021 est,
658 963 942 1024 numquam
969 982 1094 1025 ergo
1128 970 1383 1025 coniugio
1417 970 1776 1021 seruiendum,

257 1043 519 1097 quoniam,
571 1040 1063 1095 quotienscumque
1107 1040 1260 1082 uxori
1305 1040 1547 1083 debitum
1597 1040 1775 1091 reddo,

197 1137 204 1149 ι
258 1127 405 1156 orare
449 1125 546 1155 non
590 1125 821 1167 possum.
860 1112 940 1154 hoc
985 1124 1112 1165 quare
1156 1112 1343 1163 dixerim,
1381 1111 1652 1167 perspicuum
1696 1113 1776 1162 est,

258 1185 355 1238 quia
391 1183 697 1237 interpretabar
731 1182 839 1224 illud
878 1183 1059 1236 apostoli
1099 1182 1279 1224 dietum:
1315 1182 1488 1224 nolite
1525 1181 1776 1224 fraudare

256 1254 487 1296 inuicem
514 1253 622 1295 nisi
654 1253 796 1295 forte
823 1266 879 1294 ex
911 1265 1182 1294 consensu
1210 1253 1270 1294 ad
1295 1255 1522 1306 tempus,
1549 1255 1606 1294 ut
1632 1264 1774 1294 uaoe-

256 1325 329 1366 tis
369 1323 612 1366 orationi.
656 1323 816 1365 Paulus
856 1323 1073 1377 apostolus
1114 1323 1230 1374 dicit,
1269 1323 1434 1378 quando
1474 1323 1636 1365 coimus
1681 1335 1777 1365 cum

256 1395 466 1443 uxoribus,
509 1383 585 1437 nos
631 1406 746 1436 orare
789 1407 868 1436 non
913 1406 1055 1448 posse;
1103 1394 1254 1436 Petrus
1298 1394 1350 1436 ad
1382 1394 1679 1436 continentiam
1712 1406 1779 1436 oo-

256 1467 460 1516 hortatur,
500 1477 550 1506 ne
582 1463 850 1518 inpedientur
881 1464 1088 1506 orationes
1119 1467 1303 1506 nostrae:
1345 1464 1471 1518 quod·
1493 1464 1574 1515 hio,
1609 1476 1778 1518 quaeso,

257 1538 478 1590 peecatum
516 1548 655 1577 meum
696 1536 788 1577 est?
827 1535 929 1589 quid
966 1534 1223 1576 commerui?
1258 1534 1358 1588 quid
1394 1534 1580 1588 deliqui?
1619 1535 1655 1576 si
1692 1538 1779 1576 tur-

258 1607 380 1648 bidae
418 1608 460 1648 et
506 1606 735 1648 nebulosae
779 1618 910 1662 aquae
952 1605 1102 1655 fluunt,
1141 1617 1221 1646 non
1267 1607 1333 1647 est
1368 1605 1480 1647 aluei
1523 1606 1660 1659 culpa,
1705 1605 1779 1647 sed

258 1677 402 1719 fontis,
440 1690 487 1718 an
531 1677 686 1718 idcirco
726 1689 890 1734 arguor,
931 1675 1041 1729 quod
1080 1676 1129 1717 de
1166 1688 1260 1718 meo
1299 1688 1393 1717 sum
1432 1688 1561 1718 ausus
1599 1675 1780 1717 adicere:

262 1749 417 1801 quale
449 1747 594 1789 illud
631 1748 822 1789 bonum
863 1749 958 1798 est,
992 1746 1130 1800 quod
1169 1759 1364 1799 eorpus
1399 1745 1608 1788 Christi
1646 1747 1778 1788 acci-

260 1831 382 1872 pere
414 1831 511 1860 non
544 1818 854 1873 permittit?
881 1817 933 1859 ad
958 1818 1037 1859 hoo
1063 1817 1249 1859 breuiter
1278 1817 1556 1870 respondebo:
1585 1816 1686 1869 quid
1717 1819 1784 1859 est

260 1889 415 1930 maius:
444 1902 558 1931 orare
585 1902 635 1930 an
663 1888 819 1932 Christi
845 1901 996 1942 corpus
1023 1888 1238 1942 accipere?
1263 1888 1411 1941 utique
1437 1900 1587 1940 eorpus
1614 1887 1784 1930 Christi.

261 1960 295 2001 si
328 1973 401 2013 per
433 1960 605 2010 coitum,
640 1959 749 2013 quod
788 1960 926 2002 minus
959 1962 1036 2009 est,
1067 1959 1293 2012 inpeditur,
1326 1958 1460 1999 multo
1492 1959 1642 2014 magis,
1669 1958 1781 2013 quod

379 2119 400 2152 2
428 2119 470 2153 cf.
497 2118 640 2153 Terent.
666 2117 803 2153 Andria
829 2119 951 2163 20sq.
1060 2120 1082 2152 4
1108 2118 1188 2152 adu.
1216 2118 1291 2152 Iou.
1318 2118 1336 2152 I
1363 2119 1381 2152 7
1498 2120 1518 2153 7
1546 2120 1588 2153 cf.
1616 2119 1633 2153 I
1658 2118 1784 2153 Thess.

264 2179 295 2221 5,
323 2178 365 2212 17
442 2178 485 2211 12
511 2177 530 2211 Ι
556 2176 635 2212 Cor.
663 2178 694 2218 7,
722 2178 743 2211 5
819 2177 862 2212 16
888 2177 931 2212 cf.
959 2177 974 2211 I
1001 2177 1099 2212 Petr.
1126 2178 1159 2221 3,
1186 2178 1205 2211 7

310 2272 331 2305 3
358 2271 543 2305 obscurum
570 2271 608 2304 D
634 2282 687 2305 —re
714 2274 735 2305 Β
785 2271 808 2305 4
833 2274 997 2306 tumeant
1020 2282 1046 2316 g
1069 2273 1190 2306 tamen
1217 2273 1308 2307 ἕψε.
1380 2282 1436 2306 me
1460 2282 1489 2306 s.
1516 2271 1538 2306 l.
1565 2273 1586 2306 Β
1660 2271 1786 2305 meriti

263 2331 353 2364 §wa
428 2330 546 2374 quale]
569 2340 675 2374 quare
693 2332 714 2364 Ξ»
777 2331 796 2365 7
822 2330 911 2365 item
935 2330 973 2364 Ψ
1031 2331 1052 2364 9
1078 2339 1169 2364 seru.
1197 2330 1287 2364 coni.
1306 2330 1342 2364 Β
1405 2331 1447 2365 10
1473 2330 1595 2375 quon.]
1623 2330 1718 2376 quod
1749 2329 1786 2364 ¹1¹

265 2389 303 2422 11
334 2399 403 2422 non
430 2400 523 2433 poss,
551 2400 599 2422 or.
626 2389 661 2422 Β
732 2389 801 2424 hoc
826 2390 960 2434 qua(re)
985 2390 1027 2423 in
1051 2400 1127 2424 ras.
1151 2391 1214 2423 m2
1233 2389 1268 2422 B
1319 2389 1361 2424 12
1388 2389 1555 2434 quoniam
1575 2389 1602 2424 d
1670 2390 1782 2424 inter·

263 2447 432 2491 pretabar
462 2449 513 2489 (ar
544 2448 584 2481 in
614 2458 690 2482 ras.
719 2450 795 2490 m2)
828 2447 864 2481 Β
894 2448 1177 2493 interpretabam
1209 2449 1234 2483 d
1355 2448 1397 2483 13
1427 2448 1466 2482 in
1496 2448 1651 2483 inuicem
1681 2449 1719 2482 ni
1743 2448 1788 2482 D

265 2507 310 2540 14
333 2505 467 2540 Paulus
493 2517 558 2541 om.
585 2506 621 2539 B
700 2506 857 2552 quando]
886 2507 982 2552 quod
1007 2507 1090 2542 dum
1114 2509 1268 2552 §pe-7122
1342 2508 1385 2542 15
1409 2507 1527 2552 posse]
1553 2506 1640 2542 add.
1665 2507 1696 2541 si
1720 2517 1784 2552 per

265 2564 407 2608 coitum,
434 2564 529 2609 quod
554 2564 670 2598 minus
697 2567 752 2598 est
778 2564 848 2607 (est
873 2576 940 2600 om.
961 2564 1023 2611 11),
1048 2565 1243 2610 inpeditur,
1268 2565 1306 2600 id
1332 2568 1388 2601 est
1407 2576 1518 2610 orare,
1538 2567 1671 2611 quanto
1691 2564 1787 2610 plus,

266 2622 361 2668 quod
387 2622 502 2657 maius
529 2625 594 2666 est,
621 2622 726 2666 (add.
751 2622 787 2657 id
815 2626 869 2658 est
888 2626 926 2669 g)
954 2635 1080 2669 corpus
1107 2625 1242 2660 Christi
1268 2624 1480 2670 prohibetur
1505 2625 1665 2670 accipere
1686 2624 1722 2658 11
1743 2624 1786 2658 in

265 2693 330 2726 my.
357 2682 428 2726 inf.
452 2683 525 2723 m2‚
551 2681 610 2725 Bg
719 2682 882 2716 hortatur
906 2694 931 2727 g
1029 2684 1071 2718 16
1098 2686 1240 2718 uestrae
1267 2683 1378 2718 ADB
1457 2684 1499 2718 17
1527 2685 1582 2717 est
1605 2693 1722 2718 meum
1748 2683 1785 2717 B

265 2741 310 2785 si]
339 2740 399 2785 qui
426 2740 455 2774 si
482 2741 516 2774 A
627 2740 669 2774 18
694 2740 808 2775 fluent
831 2741 867 2774 B
966 2743 1008 2776 19
1035 2753 1165 2786 arguor
1189 2745 1243 2786 (or
1266 2743 1308 2777 in
1331 2753 1406 2778 ras.
1432 2743 1508 2791 ηιξ)
1534 2742 1569 2775 Β
1676 2752 1785 2776 ausus

266 2810 342 2833 Sum
370 2799 395 2833 d
515 2798 631 2834 dicere
658 2799 759 2834 d¹J¹B
853 2800 898 2833 22
926 2811 1025 2835 orare
1051 2803 1102 2844 (re
1127 2801 1168 2835 in
1192 2811 1263 2836 ras.
1289 2802 1366 2844 m2)
1390 2800 1426 2834 B
1546 2800 1603 2845 an]
1629 2799 1721 2835 hanc
1745 2799 1789 2834 D

266 2868 392 2901 corpus
418 2859 474 2902 xpi
502 2857 603 2892 AdJ)
699 2858 838 2902 utique]
865 2859 1026 2903 accipere
1053 2862 1103 2895 ut.
1130 2860 1165 2893 Β
1191 2861 1242 2894 ut.
1269 2859 1428 2903 accipere
1453 2870 1478 2902 g

1801 1048 1881 1082 ια’
