<?xml version="1.0" encoding="UTF-8"?>
<!DOCTYPE html PUBLIC "-//W3C//DTD XHTML 1.0 Transitional//EN"
    "http://www.w3.org/TR/xhtml1/DTD/xhtml1-transitional.dtd">
<html xmlns="http://www.w3.org/1999/xhtml" xml:lang="en" lang="en">
 <head>
  <title>
</title>
<meta http-equiv="Content-Type" content="text/html;charset=utf-8" />
  <meta name='ocr-system' content='tesseract 3.04.00' />
  <meta name='ocr-capabilities' content='ocr_page ocr_carea ocr_par ocr_line ocrx_word'/>
</head>
<body>
  <div class='ocr_page' id='page_1' title='image "./corpusscriptorum54stuoft_0492.png"; bbox 0 0 1884 3254; ppageno 0'>
   <div class='ocr_carea' id='block_1_1' title="bbox 240 254 1221 300">
    <p class='ocr_par' dir='ltr' id='par_1_1' title="bbox 240 254 1221 300">
     <span class='ocr_line' id='line_1_1' title="bbox 240 254 1221 300; baseline -0.013 0"><span class='ocrx_word' id='word_1_1' title='bbox 240 259 325 300; x_wconf 86' lang='lat'><strong>478</strong></span> <span class='ocrx_word' id='word_1_2' title='bbox 789 254 940 291; x_wconf 84' lang='lat' dir='ltr'><strong>Sancti</strong></span> <span class='ocrx_word' id='word_1_3' title='bbox 965 254 1221 300; x_wconf 82' lang='lat' dir='ltr'><strong>Hieronymi</strong></span> 
     </span>
    </p>
   </div>
   <div class='ocr_carea' id='block_1_2' title="bbox 228 382 1761 1356">
    <p class='ocr_par' dir='ltr' id='par_1_2' title="bbox 228 382 1761 1356">
     <span class='ocr_line' id='line_1_2' title="bbox 300 382 1760 438; baseline -0.001 -10"><span class='ocrx_word' id='word_1_4' title='bbox 300 387 368 428; x_wconf 92' lang='lat'><strong>11.</strong></span> <span class='ocrx_word' id='word_1_5' title='bbox 412 385 585 438; x_wconf 83' lang='lat' dir='ltr'>Quando</span> <span class='ocrx_word' id='word_1_6' title='bbox 631 383 830 434; x_wconf 90' lang='lat' dir='ltr'><strong>comedis,</strong></span> <span class='ocrx_word' id='word_1_7' title='bbox 876 383 1028 438; x_wconf 90' lang='lat' dir='ltr'><strong>cogita,</strong></span> <span class='ocrx_word' id='word_1_8' title='bbox 1080 382 1191 437; x_wconf 92' lang='lat' dir='ltr'><strong>quod</strong></span> <span class='ocrx_word' id='word_1_9' title='bbox 1234 382 1378 425; x_wconf 89' lang='lat' dir='ltr'><strong>statim</strong></span> <span class='ocrx_word' id='word_1_10' title='bbox 1420 382 1499 425; x_wconf 90' lang='lat' dir='ltr'><strong>tibi</strong></span> <span class='ocrx_word' id='word_1_11' title='bbox 1545 382 1760 434; x_wconf 88' lang='lat' dir='ltr'><strong>orandum,</strong></span> 
     </span>
     <span class='ocr_line' id='line_1_3' title="bbox 238 453 1760 511; baseline -0.002 -12"><span class='ocrx_word' id='word_1_12' title='bbox 238 457 334 499; x_wconf 93' lang='lat' dir='ltr'><strong>ilico</strong></span> <span class='ocrx_word' id='word_1_13' title='bbox 366 456 593 511; x_wconf 89' lang='lat' dir='ltr'><strong>legendum</strong></span> <span class='ocrx_word' id='word_1_14' title='bbox 619 454 688 496; x_wconf 86' lang='lat' dir='ltr'><strong>sit.</strong></span> <span class='ocrx_word' id='word_1_15' title='bbox 721 453 771 495; x_wconf 91' lang='lat' dir='ltr'><strong>de</strong></span> <span class='ocrx_word' id='word_1_16' title='bbox 799 453 1018 507; x_wconf 76' lang='lat' dir='ltr'><strong>scripturis</strong></span> <span class='ocrx_word' id='word_1_17' title='bbox 1045 453 1203 495; x_wconf 87' lang='lat' dir='ltr'><strong>sanctis</strong></span> <span class='ocrx_word' id='word_1_18' title='bbox 1229 453 1534 495; x_wconf 82' lang='lat' dir='ltr'><strong>habeto&#39;fixum</strong></span> <span class='ocrx_word' id='word_1_19' title='bbox 1561 466 1760 496; x_wconf 87' lang='lat' dir='ltr'><strong>uersuum</strong></span> 
     </span>
     <span class='ocr_line' id='line_1_4' title="bbox 238 523 1761 578; baseline -0.002 -9"><span class='ocrx_word' id='word_1_20' title='bbox 238 539 475 575; x_wconf 66' lang='lat' dir='ltr'><strong>numerum</strong></span> <span class='ocrx_word' id='word_1_21' title='bbox 521 525 638 567; x_wconf 89' lang='lat' dir='ltr'><strong>istud</strong></span> <span class='ocrx_word' id='word_1_22' title='bbox 674 537 851 578; x_wconf 92' lang='lat' dir='ltr'><strong>pensum</strong></span> <span class='ocrx_word' id='word_1_23' title='bbox 889 524 1057 566; x_wconf 90' lang='lat' dir='ltr'><strong>domino</strong></span> <span class='ocrx_word' id='word_1_24' title='bbox 1096 526 1170 566; x_wconf 91' lang='lat' dir='ltr'><strong>tuo</strong></span> <span class='ocrx_word' id='word_1_25' title='bbox 1208 523 1334 566; x_wconf 90' lang='lat' dir='ltr'><strong>redde</strong></span> <span class='ocrx_word' id='word_1_26' title='bbox 1371 536 1447 566; x_wconf 89' lang='lat' dir='ltr'><strong>nec</strong></span> <span class='ocrx_word' id='word_1_27' title='bbox 1490 526 1585 567; x_wconf 90' lang='lat' dir='ltr'><strong>ante</strong></span> <span class='ocrx_word' id='word_1_28' title='bbox 1629 524 1761 578; x_wconf 80' lang='lat' dir='ltr'><strong>quieti</strong></span> 
     </span>
     <span class='ocr_line' id='line_1_5' title="bbox 237 594 1760 650; baseline -0.001 -12"><span class='ocrx_word' id='word_1_29' title='bbox 237 597 419 639; x_wconf 89' lang='lat' dir='ltr'><strong>membra</strong></span> <span class='ocrx_word' id='word_1_30' title='bbox 453 595 669 645; x_wconf 83' lang='lat' dir='ltr'>concedas,</span> <span class='ocrx_word' id='word_1_31' title='bbox 703 607 828 648; x_wconf 90' lang='lat' dir='ltr'><strong>quam</strong></span> <span class='ocrx_word' id='word_1_32' title='bbox 855 594 1068 636; x_wconf 75' lang='lat' dir='ltr'><strong>calathum</strong></span> <span class='ocrx_word' id='word_1_33' title='bbox 1091 594 1273 648; x_wconf 74' lang='lat' dir='ltr'>pectoris</span> <span class='ocrx_word' id='word_1_34' title='bbox 1298 594 1363 636; x_wconf 84' lang='lat' dir='ltr'><strong>tui</strong></span> <span class='ocrx_word' id='word_1_35' title='bbox 1387 594 1468 637; x_wconf 89' lang='lat' dir='ltr'><strong>hoc</strong></span> <span class='ocrx_word' id='word_1_36' title='bbox 1494 595 1760 650; x_wconf 79' lang='lat' dir='ltr'><strong>subtegmine</strong></span> 
     </span>
     <span class='ocr_line' id='line_1_6' title="bbox 234 661 1758 721; baseline 0 -13"><span class='ocrx_word' id='word_1_37' title='bbox 234 667 475 721; x_wconf 85' lang='lat' dir='ltr'><strong>inpleueris.</strong></span> <span class='ocrx_word' id='word_1_38' title='bbox 500 668 598 721; x_wconf 89' lang='lat' dir='ltr'><strong>post</strong></span> <span class='ocrx_word' id='word_1_39' title='bbox 623 665 852 720; x_wconf 88' lang='lat' dir='ltr'><strong>scripturas</strong></span> <span class='ocrx_word' id='word_1_40' title='bbox 879 666 1046 708; x_wconf 87' lang='lat' dir='ltr'><strong>sanctas</strong></span> <span class='ocrx_word' id='word_1_41' title='bbox 1073 661 1291 708; x_wconf 89' lang='lat' dir='ltr'><strong>doctorum</strong></span> <span class='ocrx_word' id='word_1_42' title='bbox 1317 665 1534 707; x_wconf 91' lang='lat' dir='ltr'><strong>hominum</strong></span> <span class='ocrx_word' id='word_1_43' title='bbox 1552 667 1758 708; x_wconf 89' lang='lat' dir='ltr'><strong>tractatus</strong></span> 
     </span>
     <span class='ocr_line' id='line_1_7' title="bbox 233 735 1759 792; baseline -0.001 -12"><span class='ocrx_word' id='word_1_44' title='bbox 233 738 341 792; x_wconf 91' lang='lat' dir='ltr'><strong>lege,</strong></span> <span class='ocrx_word' id='word_1_45' title='bbox 387 749 530 779; x_wconf 90' lang='lat' dir='ltr'><strong>eorum</strong></span> <span class='ocrx_word' id='word_1_46' title='bbox 569 736 799 787; x_wconf 84' lang='lat' dir='ltr'><strong>dumtaxat,</strong></span> <span class='ocrx_word' id='word_1_47' title='bbox 845 748 1022 790; x_wconf 88' lang='lat' dir='ltr'><strong>quorum</strong></span> <span class='ocrx_word' id='word_1_48' title='bbox 1058 735 1164 778; x_wconf 91' lang='lat' dir='ltr'><strong>fides</strong></span> <span class='ocrx_word' id='word_1_49' title='bbox 1201 738 1301 778; x_wconf 83' lang='lat' dir='ltr'><strong>nota</strong></span> <span class='ocrx_word' id='word_1_50' title='bbox 1342 738 1417 778; x_wconf 77' lang='lat' dir='ltr'><strong>est,</strong></span> <span class='ocrx_word' id='word_1_51' title='bbox 1460 748 1541 778; x_wconf 93' lang='lat' dir='ltr'><strong>non</strong></span> <span class='ocrx_word' id='word_1_52' title='bbox 1586 748 1759 779; x_wconf 85' lang='lat' dir='ltr'><strong>necesse</strong></span> 
     </span>
     <span class='ocr_line' id='line_1_8' title="bbox 234 806 1759 862; baseline -0.001 -12"><span class='ocrx_word' id='word_1_53' title='bbox 234 808 362 850; x_wconf 88' lang='lat' dir='ltr'><strong>habes</strong></span> <span class='ocrx_word' id='word_1_54' title='bbox 394 820 542 849; x_wconf 89' lang='lat' dir='ltr'><strong>aurum</strong></span> <span class='ocrx_word' id='word_1_55' title='bbox 573 806 615 848; x_wconf 91' lang='lat' dir='ltr'><strong>in</strong></span> <span class='ocrx_word' id='word_1_56' title='bbox 646 807 737 848; x_wconf 92' lang='lat' dir='ltr'><strong>luto</strong></span> <span class='ocrx_word' id='word_1_57' title='bbox 771 819 985 859; x_wconf 85' lang='lat' dir='ltr'><strong>quaerere:</strong></span> <span class='ocrx_word' id='word_1_58' title='bbox 1011 806 1159 848; x_wconf 91' lang='lat' dir='ltr'><strong>multis</strong></span> <span class='ocrx_word' id='word_1_59' title='bbox 1185 806 1424 862; x_wconf 82' lang='lat' dir='ltr'><strong>margaritis</strong></span> <span class='ocrx_word' id='word_1_60' title='bbox 1449 819 1576 848; x_wconf 91' lang='lat' dir='ltr'><strong>unam</strong></span> <span class='ocrx_word' id='word_1_61' title='bbox 1601 806 1759 849; x_wconf 82' lang='lat' dir='ltr'><strong>redime</strong></span> 
     </span>
     <span class='ocr_line' id='line_1_9' title="bbox 232 876 1757 935; baseline -0.001 -15"><span class='ocrx_word' id='word_1_62' title='bbox 232 878 615 935; x_wconf 41' lang='lat' dir='ltr'><strong>margaritam-sta</strong></span> <span class='ocrx_word' id='word_1_63' title='bbox 644 877 762 920; x_wconf 89' lang='lat' dir='ltr'><strong>iuxta</strong></span> <span class='ocrx_word' id='word_1_64' title='bbox 785 876 1042 919; x_wconf 87' lang='lat' dir='ltr'><strong>Hieremiam</strong></span> <span class='ocrx_word' id='word_1_65' title='bbox 1074 877 1116 918; x_wconf 91' lang='lat' dir='ltr'><strong>in</strong></span> <span class='ocrx_word' id='word_1_66' title='bbox 1148 877 1231 920; x_wconf 89' lang='lat' dir='ltr'><strong>uiis</strong></span> <span class='ocrx_word' id='word_1_67' title='bbox 1256 877 1464 932; x_wconf 92' lang='lat' dir='ltr'><strong>pluribus,</strong></span> <span class='ocrx_word' id='word_1_68' title='bbox 1490 879 1540 920; x_wconf 89' lang='lat' dir='ltr'><strong>ut</strong></span> <span class='ocrx_word' id='word_1_69' title='bbox 1565 878 1618 919; x_wconf 89' lang='lat' dir='ltr'><strong>ad</strong></span> <span class='ocrx_word' id='word_1_70' title='bbox 1641 877 1757 920; x_wconf 90' lang='lat' dir='ltr'><strong>illam</strong></span> 
     </span>
     <span class='ocr_line' id='line_1_10' title="bbox 233 943 1758 1002; baseline -0.001 -11"><span class='ocrx_word' id='word_1_71' title='bbox 233 949 358 1001; x_wconf 83' lang='lat' dir='ltr'><strong>uiam,</strong></span> <span class='ocrx_word' id='word_1_72' title='bbox 403 960 509 1002; x_wconf 92' lang='lat' dir='ltr'><strong>quae</strong></span> <span class='ocrx_word' id='word_1_73' title='bbox 553 948 605 990; x_wconf 92' lang='lat' dir='ltr'><strong>ad</strong></span> <span class='ocrx_word' id='word_1_74' title='bbox 647 943 809 1002; x_wconf 85' lang='lat' dir='ltr'><strong>patrem</strong></span> <span class='ocrx_word' id='word_1_75' title='bbox 853 946 987 999; x_wconf 91' lang='lat' dir='ltr'><strong>ducit,</strong></span> <span class='ocrx_word' id='word_1_76' title='bbox 1031 948 1263 1002; x_wconf 90' lang='lat' dir='ltr'><strong>peruenias.</strong></span> <span class='ocrx_word' id='word_1_77' title='bbox 1310 960 1494 990; x_wconf 91' lang='lat' dir='ltr'><strong>amorem</strong></span> <span class='ocrx_word' id='word_1_78' title='bbox 1537 947 1758 990; x_wconf 89' lang='lat' dir='ltr'><strong>monilium</strong></span> 
     </span>
     <span class='ocr_line' id='line_1_11' title="bbox 233 1017 1755 1073; baseline 0 -13"><span class='ocrx_word' id='word_1_79' title='bbox 233 1021 358 1072; x_wconf 88' lang='lat' dir='ltr'><strong>atque</strong></span> <span class='ocrx_word' id='word_1_80' title='bbox 390 1031 652 1073; x_wconf 87' lang='lat' dir='ltr'><strong>gemmarum</strong></span> <span class='ocrx_word' id='word_1_81' title='bbox 684 1018 995 1072; x_wconf 88' lang='lat' dir='ltr'><strong>sericarumque</strong></span> <span class='ocrx_word' id='word_1_82' title='bbox 1027 1019 1215 1061; x_wconf 88' lang='lat' dir='ltr'><strong>uestium</strong></span> <span class='ocrx_word' id='word_1_83' title='bbox 1245 1019 1425 1061; x_wconf 84' lang='lat' dir='ltr'><strong>transfer</strong></span> <span class='ocrx_word' id='word_1_84' title='bbox 1455 1018 1507 1060; x_wconf 92' lang='lat' dir='ltr'><strong>ad</strong></span> <span class='ocrx_word' id='word_1_85' title='bbox 1539 1017 1755 1061; x_wconf 90' lang='lat' dir='ltr'><strong>scientiam</strong></span> 
     </span>
     <span class='ocr_line' id='line_1_12' title="bbox 233 1089 1758 1145; baseline -0.001 -13"><span class='ocrx_word' id='word_1_86' title='bbox 233 1090 546 1144; x_wconf 86' lang='lat' dir='ltr'><strong>scripturarum.</strong></span> <span class='ocrx_word' id='word_1_87' title='bbox 584 1089 803 1145; x_wconf 87' lang='lat' dir='ltr'><strong>ingredere</strong></span> <span class='ocrx_word' id='word_1_88' title='bbox 840 1091 994 1132; x_wconf 89' lang='lat' dir='ltr'><strong>terram</strong></span> <span class='ocrx_word' id='word_1_89' title='bbox 1032 1089 1368 1145; x_wconf 85' lang='lat' dir='ltr'><strong>repromissionis</strong></span> <span class='ocrx_word' id='word_1_90' title='bbox 1405 1089 1515 1131; x_wconf 90' lang='lat' dir='ltr'><strong>lacte</strong></span> <span class='ocrx_word' id='word_1_91' title='bbox 1553 1091 1596 1131; x_wconf 92' lang='lat' dir='ltr'><strong>et</strong></span> <span class='ocrx_word' id='word_1_92' title='bbox 1632 1089 1758 1132; x_wconf 91' lang='lat' dir='ltr'><strong>melle</strong></span> 
     </span>
     <span class='ocr_line' id='line_1_13' title="bbox 230 1159 1757 1214; baseline 0 -12"><span class='ocrx_word' id='word_1_93' title='bbox 230 1162 483 1212; x_wconf 87' lang='lat' dir='ltr'><strong>manantem,</strong></span> <span class='ocrx_word' id='word_1_94' title='bbox 529 1160 699 1202; x_wconf 88' lang='lat' dir='ltr'><strong>comede</strong></span> <span class='ocrx_word' id='word_1_95' title='bbox 746 1159 929 1203; x_wconf 89' lang='lat' dir='ltr'><strong>similam</strong></span> <span class='ocrx_word' id='word_1_96' title='bbox 977 1162 1019 1202; x_wconf 88' lang='lat' dir='ltr'><strong>et</strong></span> <span class='ocrx_word' id='word_1_97' title='bbox 1069 1160 1222 1211; x_wconf 89' lang='lat' dir='ltr'><strong>oleum,</strong></span> <span class='ocrx_word' id='word_1_98' title='bbox 1266 1159 1424 1202; x_wconf 90' lang='lat' dir='ltr'><strong>uestire</strong></span> <span class='ocrx_word' id='word_1_99' title='bbox 1467 1172 1564 1202; x_wconf 91' lang='lat' dir='ltr'><strong>cum</strong></span> <span class='ocrx_word' id='word_1_100' title='bbox 1606 1159 1757 1214; x_wconf 87' lang='lat' dir='ltr'><strong>Ioseph</strong></span> 
     </span>
     <span class='ocr_line' id='line_1_14' title="bbox 230 1229 1755 1284; baseline 0.001 -13"><span class='ocrx_word' id='word_1_101' title='bbox 230 1230 358 1272; x_wconf 91' lang='lat' dir='ltr'><strong>uariis</strong></span> <span class='ocrx_word' id='word_1_102' title='bbox 406 1229 680 1280; x_wconf 90' lang='lat' dir='ltr'><strong>indumentis,</strong></span> <span class='ocrx_word' id='word_1_103' title='bbox 727 1230 994 1284; x_wconf 64' lang='lat' dir='ltr'><strong>‚perforentur</strong></span> <span class='ocrx_word' id='word_1_104' title='bbox 1036 1243 1156 1273; x_wconf 90' lang='lat' dir='ltr'><strong>aures</strong></span> <span class='ocrx_word' id='word_1_105' title='bbox 1200 1232 1298 1273; x_wconf 90' lang='lat' dir='ltr'><strong>tuae</strong></span> <span class='ocrx_word' id='word_1_106' title='bbox 1350 1243 1445 1272; x_wconf 91' lang='lat' dir='ltr'><strong>cum</strong></span> <span class='ocrx_word' id='word_1_107' title='bbox 1488 1230 1755 1273; x_wconf 87' lang='lat' dir='ltr'><strong>Hierusalem</strong></span> 
     </span>
     <span class='ocr_line' id='line_1_15' title="bbox 228 1286 1757 1356; baseline 0.001 -14"><span class='ocrx_word' id='word_1_108' title='bbox 228 1286 419 1343; x_wconf 72' lang='lat' dir='ltr'><strong>sermone</strong></span> <span class='ocrx_word' id='word_1_109' title='bbox 463 1300 542 1352; x_wconf 89' lang='lat' dir='ltr'><strong>dei,</strong></span> <span class='ocrx_word' id='word_1_110' title='bbox 592 1303 641 1343; x_wconf 89' lang='lat' dir='ltr'><strong>ut</strong></span> <span class='ocrx_word' id='word_1_111' title='bbox 683 1301 869 1355; x_wconf 89' lang='lat' dir='ltr'><strong>pretiosa</strong></span> <span class='ocrx_word' id='word_1_112' title='bbox 912 1313 960 1343; x_wconf 88' lang='lat' dir='ltr'><strong>ex</strong></span> <span class='ocrx_word' id='word_1_113' title='bbox 1001 1301 1088 1343; x_wconf 91' lang='lat' dir='ltr'><strong>illis</strong></span> <span class='ocrx_word' id='word_1_114' title='bbox 1131 1313 1342 1352; x_wconf 85' lang='lat' dir='ltr'><strong>nouarum¹</strong></span> <span class='ocrx_word' id='word_1_115' title='bbox 1388 1303 1580 1356; x_wconf 86' lang='lat' dir='ltr'><strong>segetum</strong></span> <span class='ocrx_word' id='word_1_116' title='bbox 1630 1314 1757 1356; x_wconf 87' lang='lat' dir='ltr'><strong>grana</strong></span> 
     </span>
    </p>
   </div>
   <div class='ocr_carea' id='block_1_3' title="bbox 226 1347 1879 1426">
    <p class='ocr_par' dir='ltr' id='par_1_3' title="bbox 226 1347 1879 1426">
     <span class='ocr_line' id='line_1_16' title="bbox 226 1347 1879 1426; baseline -0.001 -13"><span class='ocrx_word' id='word_1_117' title='bbox 226 1371 497 1425; x_wconf 83' lang='lat' dir='ltr'><strong>dependeant.</strong></span> <span class='ocrx_word' id='word_1_118' title='bbox 523 1371 652 1414; x_wconf 87' lang='lat' dir='ltr'><strong>habes</strong></span> <span class='ocrx_word' id='word_1_119' title='bbox 680 1365 871 1414; x_wconf 80' lang='lat' dir='ltr'><strong>sanctum</strong></span> <span class='ocrx_word' id='word_1_120' title='bbox 890 1372 1167 1426; x_wconf 84' lang='lat' dir='ltr'><strong>Exsuperium</strong></span> <span class='ocrx_word' id='word_1_121' title='bbox 1195 1372 1392 1426; x_wconf 90' lang='lat' dir='ltr'><strong>probatae</strong></span> <span class='ocrx_word' id='word_1_122' title='bbox 1412 1371 1563 1414; x_wconf 91' lang='lat' dir='ltr'><strong>aetatis</strong></span> <span class='ocrx_word' id='word_1_123' title='bbox 1583 1374 1626 1414; x_wconf 89' lang='lat' dir='ltr'><strong>et</strong></span> <span class='ocrx_word' id='word_1_124' title='bbox 1643 1371 1754 1424; x_wconf 87' lang='lat' dir='ltr'><strong>fidei,</strong></span> <span class='ocrx_word' id='word_1_125' title='bbox 1779 1381 1814 1410; x_wconf 77' lang='lat'><strong>15</strong></span> <span class='ocrx_word' id='word_1_126' title='bbox 1873 1347 1879 1385; x_wconf 54' lang='grc' dir='ltr'><strong>ἶ</strong></span> 
     </span>
    </p>
   </div>
   <div class='ocr_carea' id='block_1_4' title="bbox 225 1442 1766 1709">
    <p class='ocr_par' dir='ltr' id='par_1_4' title="bbox 227 1442 1205 1496">
     <span class='ocr_line' id='line_1_17' title="bbox 227 1442 1205 1496; baseline 0.002 -13"><span class='ocrx_word' id='word_1_127' title='bbox 227 1442 300 1495; x_wconf 88' lang='lat' dir='ltr'><strong>qui</strong></span> <span class='ocrx_word' id='word_1_128' title='bbox 330 1444 371 1484; x_wconf 90' lang='lat' dir='ltr'><strong>te</strong></span> <span class='ocrx_word' id='word_1_129' title='bbox 403 1442 574 1484; x_wconf 90' lang='lat' dir='ltr'><strong>monitis</strong></span> <span class='ocrx_word' id='word_1_130' title='bbox 607 1442 695 1485; x_wconf 87' lang='lat' dir='ltr'><strong>suis</strong></span> <span class='ocrx_word' id='word_1_131' title='bbox 727 1443 968 1496; x_wconf 89' lang='lat' dir='ltr'><strong>frequenter</strong></span> <span class='ocrx_word' id='word_1_132' title='bbox 998 1442 1205 1485; x_wconf 86' lang='lat' dir='ltr'><strong>instituat.</strong></span> 
     </span>
    </p>

    <p class='ocr_par' dir='ltr' id='par_1_5' title="bbox 225 1511 1766 1709">
     <span class='ocr_line' id='line_1_18' title="bbox 290 1511 1753 1568; baseline 0.001 -15"><span class='ocrx_word' id='word_1_133' title='bbox 290 1512 355 1553; x_wconf 85' lang='lat'><strong>12.</strong></span> <span class='ocrx_word' id='word_1_134' title='bbox 391 1511 475 1554; x_wconf 85' lang='lat' dir='ltr'><strong>Fac</strong></span> <span class='ocrx_word' id='word_1_135' title='bbox 506 1512 586 1555; x_wconf 89' lang='lat' dir='ltr'><strong>tibi</strong></span> <span class='ocrx_word' id='word_1_136' title='bbox 617 1513 774 1555; x_wconf 88' lang='lat' dir='ltr'><strong>amicos</strong></span> <span class='ocrx_word' id='word_1_137' title='bbox 808 1513 859 1555; x_wconf 91' lang='lat' dir='ltr'><strong>de</strong></span> <span class='ocrx_word' id='word_1_138' title='bbox 889 1513 1034 1567; x_wconf 89' lang='lat' dir='ltr'><strong>iniquo</strong></span> <span class='ocrx_word' id='word_1_139' title='bbox 1073 1526 1324 1564; x_wconf 86' lang='lat' dir='ltr'><strong>mammona,</strong></span> <span class='ocrx_word' id='word_1_140' title='bbox 1364 1512 1435 1567; x_wconf 91' lang='lat' dir='ltr'><strong>qui</strong></span> <span class='ocrx_word' id='word_1_141' title='bbox 1470 1515 1512 1555; x_wconf 90' lang='lat' dir='ltr'><strong>te</strong></span> <span class='ocrx_word' id='word_1_142' title='bbox 1549 1513 1753 1568; x_wconf 87' lang='lat' dir='ltr'><strong>recipiant</strong></span> 
     </span>
     <span class='ocr_line' id='line_1_19' title="bbox 226 1582 1766 1638; baseline 0.002 -15"><span class='ocrx_word' id='word_1_143' title='bbox 226 1582 268 1623; x_wconf 91' lang='lat' dir='ltr'><strong>in</strong></span> <span class='ocrx_word' id='word_1_144' title='bbox 314 1584 481 1625; x_wconf 90' lang='lat' dir='ltr'><strong>aeterna</strong></span> <span class='ocrx_word' id='word_1_145' title='bbox 522 1583 804 1637; x_wconf 80' lang='lat' dir='ltr'><strong>tabernacula.</strong></span> <span class='ocrx_word' id='word_1_146' title='bbox 848 1583 941 1631; x_wconf 72' lang='lat' dir='ltr'><strong>villis</strong></span> <span class='ocrx_word' id='word_1_147' title='bbox 985 1584 1123 1626; x_wconf 84' lang='lat' dir='ltr'><strong>tribue</strong></span> <span class='ocrx_word' id='word_1_148' title='bbox 1168 1583 1338 1626; x_wconf 86' lang='lat' dir='ltr'><strong>diuitias</strong></span> <span class='ocrx_word' id='word_1_149' title='bbox 1388 1586 1499 1636; x_wconf 88' lang='lat' dir='ltr'><strong>tuas,</strong></span> <span class='ocrx_word' id='word_1_150' title='bbox 1550 1584 1622 1638; x_wconf 92' lang='lat' dir='ltr'><strong>qui</strong></span> <span class='ocrx_word' id='word_1_151' title='bbox 1670 1596 1766 1627; x_wconf 90' lang='lat' dir='ltr'><strong>non·</strong></span> 
     </span>
     <span class='ocr_line' id='line_1_20' title="bbox 225 1653 1750 1709; baseline 0.001 -15"><span class='ocrx_word' id='word_1_152' title='bbox 225 1653 430 1696; x_wconf 87' lang='lat' dir='ltr'><strong>Phasides</strong></span> <span class='ocrx_word' id='word_1_153' title='bbox 462 1667 575 1706; x_wconf 89' lang='lat' dir='ltr'><strong>aues,</strong></span> <span class='ocrx_word' id='word_1_154' title='bbox 603 1655 677 1697; x_wconf 90' lang='lat' dir='ltr'><strong>sed</strong></span> <span class='ocrx_word' id='word_1_155' title='bbox 702 1654 906 1697; x_wconf 90' lang='lat' dir='ltr'><strong>cibarium</strong></span> <span class='ocrx_word' id='word_1_156' title='bbox 931 1667 1079 1709; x_wconf 91' lang='lat' dir='ltr'><strong>panem</strong></span> <span class='ocrx_word' id='word_1_157' title='bbox 1108 1657 1313 1706; x_wconf 87' lang='lat' dir='ltr'><strong>coemant,</strong></span> <span class='ocrx_word' id='word_1_158' title='bbox 1341 1655 1413 1709; x_wconf 92' lang='lat' dir='ltr'><strong>qui</strong></span> <span class='ocrx_word' id='word_1_159' title='bbox 1436 1656 1590 1697; x_wconf 88' lang='lat' dir='ltr'><strong>famem</strong></span> <span class='ocrx_word' id='word_1_160' title='bbox 1616 1655 1750 1709; x_wconf 89' lang='lat' dir='ltr'><strong>expel-</strong></span> 
     </span>
    </p>
   </div>
   <div class='ocr_carea' id='block_1_5' title="bbox 1783 1030 1818 1059">
    <p class='ocr_par' dir='ltr' id='par_1_6' title="bbox 1783 1030 1818 1059">
     <span class='ocr_line' id='line_1_21' title="bbox 1783 1030 1818 1059; baseline 0.029 -1"><span class='ocrx_word' id='word_1_161' title='bbox 1783 1030 1818 1059; x_wconf 89' lang='grc'><strong>10</strong></span> 
     </span>
    </p>
   </div>
   <div class='ocr_carea' id='block_1_6' title="bbox 225 1723 1812 1781">
    <p class='ocr_par' dir='ltr' id='par_1_7' title="bbox 225 1723 1812 1781">
     <span class='ocr_line' id='line_1_22' title="bbox 225 1723 1812 1781; baseline 0.001 -17"><span class='ocrx_word' id='word_1_162' title='bbox 225 1723 330 1776; x_wconf 88' lang='lat' dir='ltr'><strong>lant,</strong></span> <span class='ocrx_word' id='word_1_163' title='bbox 374 1738 454 1767; x_wconf 90' lang='lat' dir='ltr'><strong>non</strong></span> <span class='ocrx_word' id='word_1_164' title='bbox 494 1724 566 1779; x_wconf 91' lang='lat' dir='ltr'><strong>qui</strong></span> <span class='ocrx_word' id='word_1_165' title='bbox 603 1727 784 1781; x_wconf 87' lang='lat' dir='ltr'><strong>augeant</strong></span> <span class='ocrx_word' id='word_1_166' title='bbox 819 1725 1038 1767; x_wconf 81' lang='lat' dir='ltr'><strong>luxuriam.</strong></span> <span class='ocrx_word' id='word_1_167' title='bbox 1081 1725 1281 1780; x_wconf 84' lang='lat' dir='ltr'><strong>intellege</strong></span> <span class='ocrx_word' id='word_1_168' title='bbox 1320 1738 1444 1780; x_wconf 91' lang='lat' dir='ltr'><strong>super</strong></span> <span class='ocrx_word' id='word_1_169' title='bbox 1487 1738 1665 1780; x_wconf 87' lang='lat' dir='ltr'><strong>egenum</strong></span> <span class='ocrx_word' id='word_1_170' title='bbox 1709 1728 1752 1767; x_wconf 89' lang='lat' dir='ltr'><strong>et</strong></span> <span class='ocrx_word' id='word_1_171' title='bbox 1775 1735 1812 1764; x_wconf 81' lang='lat'><strong>20</strong></span> 
     </span>
    </p>
   </div>
   <div class='ocr_carea' id='block_1_7' title="bbox 223 1795 1751 1922">
    <p class='ocr_par' dir='ltr' id='par_1_8' title="bbox 223 1795 1751 1922">
     <span class='ocr_line' id='line_1_23' title="bbox 223 1795 1751 1850; baseline -0.001 -12"><span class='ocrx_word' id='word_1_172' title='bbox 223 1808 462 1850; x_wconf 88' lang='lat' dir='ltr'><strong>pauperem.</strong></span> <span class='ocrx_word' id='word_1_173' title='bbox 496 1795 626 1838; x_wconf 91' lang='lat' dir='ltr'><strong>omni</strong></span> <span class='ocrx_word' id='word_1_174' title='bbox 657 1796 852 1850; x_wconf 89' lang='lat' dir='ltr'><strong>petenti</strong></span> <span class='ocrx_word' id='word_1_175' title='bbox 883 1798 930 1838; x_wconf 89' lang='lat' dir='ltr'><strong>te</strong></span> <span class='ocrx_word' id='word_1_176' title='bbox 963 1796 1035 1847; x_wconf 88' lang='lat' dir='ltr'><strong>da,</strong></span> <span class='ocrx_word' id='word_1_177' title='bbox 1062 1796 1135 1838; x_wconf 88' lang='lat' dir='ltr'><strong>sed</strong></span> <span class='ocrx_word' id='word_1_178' title='bbox 1160 1795 1339 1838; x_wconf 84' lang='lat' dir='ltr'><strong>maxime</strong></span> <span class='ocrx_word' id='word_1_179' title='bbox 1366 1795 1610 1838; x_wconf 88' lang='lat' dir='ltr'><strong>domesticis</strong></span> <span class='ocrx_word' id='word_1_180' title='bbox 1635 1795 1751 1838; x_wconf 89' lang='lat' dir='ltr'><strong>fidei:</strong></span> 
     </span>
     <span class='ocr_line' id='line_1_24' title="bbox 223 1866 1751 1922; baseline 0.001 -13"><span class='ocrx_word' id='word_1_181' title='bbox 223 1867 383 1909; x_wconf 89' lang='lat' dir='ltr'><strong>nudum</strong></span> <span class='ocrx_word' id='word_1_182' title='bbox 421 1866 547 1918; x_wconf 84' lang='lat' dir='ltr'><strong>nesti,</strong></span> <span class='ocrx_word' id='word_1_183' title='bbox 587 1867 840 1909; x_wconf 88' lang='lat' dir='ltr'><strong>esurientem</strong></span> <span class='ocrx_word' id='word_1_184' title='bbox 880 1867 985 1918; x_wconf 91' lang='lat' dir='ltr'><strong>ciba,</strong></span> <span class='ocrx_word' id='word_1_185' title='bbox 1028 1869 1316 1922; x_wconf 87' lang='lat' dir='ltr'><strong>aegrotantem</strong></span> <span class='ocrx_word' id='word_1_186' title='bbox 1355 1867 1495 1910; x_wconf 86' lang='lat' dir='ltr'><strong>uisita.</strong></span> <span class='ocrx_word' id='word_1_187' title='bbox 1539 1867 1751 1922; x_wconf 89' lang='lat' dir='ltr'><strong>quotiens-</strong></span> 
     </span>
    </p>
   </div>
   <div class='ocr_carea' id='block_1_8' title="bbox 223 2038 1746 2200">
    <p class='ocr_par' dir='ltr' id='par_1_9' title="bbox 223 2038 1746 2200">
     <span class='ocr_line' id='line_1_25' title="bbox 341 2038 1746 2085; baseline 0.001 -12"><span class='ocrx_word' id='word_1_188' title='bbox 341 2039 362 2074; x_wconf 88' lang='lat'>8</span> <span class='ocrx_word' id='word_1_189' title='bbox 389 2038 433 2074; x_wconf 90' lang='lat' dir='ltr'><strong>cf.</strong></span> <span class='ocrx_word' id='word_1_190' title='bbox 461 2038 558 2074; x_wconf 90' lang='lat' dir='ltr'><strong>Hier.</strong></span> <span class='ocrx_word' id='word_1_191' title='bbox 586 2039 618 2084; x_wconf 89' lang='lat'><strong>6,</strong></span> <span class='ocrx_word' id='word_1_192' title='bbox 647 2039 690 2074; x_wconf 88' lang='grc'><strong>16</strong></span> <span class='ocrx_word' id='word_1_193' title='bbox 832 2040 873 2076; x_wconf 93' lang='grc'><strong>11</strong></span> <span class='ocrx_word' id='word_1_194' title='bbox 903 2040 946 2077; x_wconf 87' lang='lat' dir='ltr'><strong>cf.</strong></span> <span class='ocrx_word' id='word_1_195' title='bbox 973 2040 1033 2075; x_wconf 87' lang='lat' dir='ltr'><strong>Ex.</strong></span> <span class='ocrx_word' id='word_1_196' title='bbox 1059 2041 1091 2085; x_wconf 86' lang='lat'><strong>3,</strong></span> <span class='ocrx_word' id='word_1_197' title='bbox 1118 2040 1139 2075; x_wconf 89' lang='lat'>8</span> <span class='ocrx_word' id='word_1_198' title='bbox 1167 2044 1234 2076; x_wconf 90' lang='lat' dir='ltr'><strong>etc.</strong></span> <span class='ocrx_word' id='word_1_199' title='bbox 1381 2042 1425 2077; x_wconf 86' lang='lat'><strong>12</strong></span> <span class='ocrx_word' id='word_1_200' title='bbox 1453 2041 1498 2076; x_wconf 85' lang='lat' dir='ltr'><strong>cf.</strong></span> <span class='ocrx_word' id='word_1_201' title='bbox 1526 2040 1614 2076; x_wconf 87' lang='lat' dir='ltr'><strong>Gen.</strong></span> <span class='ocrx_word' id='word_1_202' title='bbox 1642 2041 1699 2085; x_wconf 88' lang='lat'><strong>37,</strong></span> <span class='ocrx_word' id='word_1_203' title='bbox 1725 2040 1746 2075; x_wconf 87' lang='lat'><strong>3</strong></span> 
     </span>
     <span class='ocr_line' id='line_1_26' title="bbox 227 2097 1746 2144; baseline 0.001 -12"><span class='ocrx_word' id='word_1_204' title='bbox 227 2098 267 2132; x_wconf 95' lang='lat' dir='ltr'><strong>l7</strong></span> <span class='ocrx_word' id='word_1_205' title='bbox 294 2097 339 2132; x_wconf 84' lang='lat' dir='ltr'><strong>cf.</strong></span> <span class='ocrx_word' id='word_1_206' title='bbox 365 2098 450 2133; x_wconf 89' lang='lat' dir='ltr'><strong>Luc.</strong></span> <span class='ocrx_word' id='word_1_207' title='bbox 478 2098 532 2142; x_wconf 88' lang='lat'><strong>16,</strong></span> <span class='ocrx_word' id='word_1_208' title='bbox 559 2098 580 2133; x_wconf 88' lang='grc'><strong>9</strong></span> <span class='ocrx_word' id='word_1_209' title='bbox 655 2098 700 2133; x_wconf 89' lang='grc'><strong>20</strong></span> <span class='ocrx_word' id='word_1_210' title='bbox 727 2098 771 2133; x_wconf 92' lang='lat' dir='ltr'><strong>cf.</strong></span> <span class='ocrx_word' id='word_1_211' title='bbox 797 2099 854 2133; x_wconf 84' lang='lat' dir='ltr'><strong>Ps.</strong></span> <span class='ocrx_word' id='word_1_212' title='bbox 882 2099 939 2141; x_wconf 85' lang='lat'><strong>40,</strong></span> <span class='ocrx_word' id='word_1_213' title='bbox 967 2100 988 2133; x_wconf 90' lang='grc'><strong>2</strong></span> <span class='ocrx_word' id='word_1_214' title='bbox 1075 2099 1117 2134; x_wconf 91' lang='grc'><strong>21</strong></span> <span class='ocrx_word' id='word_1_215' title='bbox 1145 2099 1251 2135; x_wconf 89' lang='lat' dir='ltr'><strong>*Luc.</strong></span> <span class='ocrx_word' id='word_1_216' title='bbox 1279 2100 1313 2144; x_wconf 85' lang='lat'><strong>6,</strong></span> <span class='ocrx_word' id='word_1_217' title='bbox 1339 2100 1385 2136; x_wconf 89' lang='lat'><strong>30</strong></span> <span class='ocrx_word' id='word_1_218' title='bbox 1465 2099 1508 2135; x_wconf 84' lang='lat' dir='ltr'><strong>cf.</strong></span> <span class='ocrx_word' id='word_1_219' title='bbox 1536 2099 1615 2135; x_wconf 90' lang='lat' dir='ltr'><strong>Gal.</strong></span> <span class='ocrx_word' id='word_1_220' title='bbox 1641 2100 1674 2144; x_wconf 88' lang='lat'><strong>6,</strong></span> <span class='ocrx_word' id='word_1_221' title='bbox 1703 2099 1746 2134; x_wconf 94' lang='lat'><strong>10</strong></span> 
     </span>
     <span class='ocr_line' id='line_1_27' title="bbox 223 2155 749 2200; baseline 0.006 -10"><span class='ocrx_word' id='word_1_222' title='bbox 223 2157 268 2190; x_wconf 84' lang='grc'><strong>22</strong></span> <span class='ocrx_word' id='word_1_223' title='bbox 295 2155 337 2191; x_wconf 89' lang='lat' dir='ltr'><strong>cf.</strong></span> <span class='ocrx_word' id='word_1_224' title='bbox 366 2156 497 2193; x_wconf 91' lang='lat' dir='ltr'><strong>Matth.</strong></span> <span class='ocrx_word' id='word_1_225' title='bbox 525 2157 582 2200; x_wconf 87' lang='lat'><strong>25,</strong></span> <span class='ocrx_word' id='word_1_226' title='bbox 609 2157 749 2193; x_wconf 80' lang='lat'>35—45</span> 
     </span>
    </p>
   </div>
   <div class='ocr_carea' id='block_1_9' title="bbox 215 2250 1746 2875">
    <p class='ocr_par' dir='ltr' id='par_1_10' title="bbox 215 2250 1746 2875">
     <span class='ocr_line' id='line_1_28' title="bbox 270 2250 1746 2298; baseline 0.003 -15"><span class='ocrx_word' id='word_1_227' title='bbox 270 2251 289 2284; x_wconf 89' lang='lat'>1</span> <span class='ocrx_word' id='word_1_228' title='bbox 317 2262 367 2284; x_wconf 90' lang='lat' dir='ltr'><strong>or.</strong></span> <span class='ocrx_word' id='word_1_229' title='bbox 393 2250 462 2284; x_wconf 84' lang='lat' dir='ltr'><strong>tibi</strong></span> <span class='ocrx_word' id='word_1_230' title='bbox 487 2250 523 2284; x_wconf 99' lang='grc' dir='ltr'><strong><em>Β</em></strong></span> <span class='ocrx_word' id='word_1_231' title='bbox 619 2250 688 2285; x_wconf 88' lang='lat' dir='ltr'><strong>tibi</strong></span> <span class='ocrx_word' id='word_1_232' title='bbox 712 2262 740 2287; x_wconf 84' lang='lat' dir='ltr'><strong>s.</strong></span> <span class='ocrx_word' id='word_1_233' title='bbox 769 2251 791 2286; x_wconf 84' lang='lat' dir='ltr'><strong>l.</strong></span> <span class='ocrx_word' id='word_1_234' title='bbox 819 2253 883 2286; x_wconf 82' lang='lat' dir='ltr'><strong>m2</strong></span> <span class='ocrx_word' id='word_1_235' title='bbox 907 2252 951 2286; x_wconf 91' lang='lat' dir='ltr'><strong><em>K</em></strong></span> <span class='ocrx_word' id='word_1_236' title='bbox 1030 2252 1052 2286; x_wconf 90' lang='grc'><strong>2</strong></span> <span class='ocrx_word' id='word_1_237' title='bbox 1077 2252 1174 2298; x_wconf 91' lang='lat' dir='ltr'><strong>ilico]</strong></span> <span class='ocrx_word' id='word_1_238' title='bbox 1203 2252 1289 2287; x_wconf 81' lang='lat' dir='ltr'><strong>add.</strong></span> <span class='ocrx_word' id='word_1_239' title='bbox 1317 2254 1354 2287; x_wconf 89' lang='lat' dir='ltr'><strong>et</strong></span> <span class='ocrx_word' id='word_1_240' title='bbox 1377 2263 1402 2297; x_wconf 78' lang='grc' dir='ltr'><strong><em>ς</em></strong></span> <span class='ocrx_word' id='word_1_241' title='bbox 1480 2252 1501 2287; x_wconf 89' lang='lat'><strong>3</strong></span> <span class='ocrx_word' id='word_1_242' title='bbox 1525 2254 1588 2288; x_wconf 88' lang='lat' dir='ltr'><strong>tuo</strong></span> <span class='ocrx_word' id='word_1_243' title='bbox 1615 2263 1683 2288; x_wconf 87' lang='lat' dir='ltr'><strong>om.</strong></span> <span class='ocrx_word' id='word_1_244' title='bbox 1711 2252 1746 2288; x_wconf 94' lang='lat' dir='ltr'><strong><em>G</em></strong></span> 
     </span>
     <span class='ocr_line' id='line_1_29' title="bbox 219 2309 1743 2357; baseline 0.003 -15"><span class='ocrx_word' id='word_1_245' title='bbox 219 2309 335 2354; x_wconf 91' lang='lat' dir='ltr'><strong>quieti</strong></span> <span class='ocrx_word' id='word_1_246' title='bbox 361 2320 427 2344; x_wconf 86' lang='lat' dir='ltr'><strong>om.</strong></span> <span class='ocrx_word' id='word_1_247' title='bbox 458 2309 491 2344; x_wconf 93' lang='lat' dir='ltr'><strong><em>G</em></strong></span> <span class='ocrx_word' id='word_1_248' title='bbox 539 2309 562 2343; x_wconf 87' lang='lat'>4</span> <span class='ocrx_word' id='word_1_249' title='bbox 589 2310 744 2345; x_wconf 87' lang='lat' dir='ltr'><strong>calatum</strong></span> <span class='ocrx_word' id='word_1_250' title='bbox 772 2310 964 2355; x_wconf 87' lang='lat' dir='ltr'><strong>(calculum</strong></span> <span class='ocrx_word' id='word_1_251' title='bbox 983 2311 1035 2355; x_wconf 92' lang='lat' dir='ltr'><strong>D)</strong></span> <span class='ocrx_word' id='word_1_252' title='bbox 1061 2311 1162 2347; x_wconf 85' lang='lat' dir='ltr'><strong>codd.</strong></span> <span class='ocrx_word' id='word_1_253' title='bbox 1237 2312 1437 2347; x_wconf 84' lang='lat' dir='ltr'><strong>subtemine</strong></span> <span class='ocrx_word' id='word_1_254' title='bbox 1456 2312 1533 2346; x_wconf 76' lang='grc' dir='ltr'><strong>ΒΦ</strong></span> <span class='ocrx_word' id='word_1_255' title='bbox 1581 2312 1602 2346; x_wconf 89' lang='grc'>5</span> <span class='ocrx_word' id='word_1_256' title='bbox 1627 2312 1743 2357; x_wconf 88' lang='lat' dir='ltr'><strong>reple-</strong></span> 
     </span>
     <span class='ocr_line' id='line_1_30' title="bbox 221 2367 1745 2416; baseline 0.003 -15"><span class='ocrx_word' id='word_1_257' title='bbox 221 2367 314 2401; x_wconf 86' lang='lat' dir='ltr'><strong>ueris</strong></span> <span class='ocrx_word' id='word_1_258' title='bbox 342 2367 376 2401; x_wconf 90' lang='lat' dir='ltr'><strong><em>B</em></strong></span> <span class='ocrx_word' id='word_1_259' title='bbox 448 2368 469 2402; x_wconf 91' lang='lat'><strong>6</strong></span> <span class='ocrx_word' id='word_1_260' title='bbox 497 2367 622 2413; x_wconf 72' lang='lat' dir='ltr'><strong>dumt]</strong></span> <span class='ocrx_word' id='word_1_261' title='bbox 651 2370 751 2404; x_wconf 85' lang='lat' dir='ltr'><strong>taxat</strong></span> <span class='ocrx_word' id='word_1_262' title='bbox 781 2370 813 2403; x_wconf 91' lang='grc' dir='ltr'><em>Φ</em></span> <span class='ocrx_word' id='word_1_263' title='bbox 886 2370 905 2403; x_wconf 85' lang='grc'><strong>’7</strong></span> <span class='ocrx_word' id='word_1_264' title='bbox 931 2370 1043 2405; x_wconf 85' lang='lat' dir='ltr'><strong>habes</strong></span> <span class='ocrx_word' id='word_1_265' title='bbox 1069 2370 1123 2405; x_wconf 77' lang='lat' dir='ltr'><strong>bis</strong></span> <span class='ocrx_word' id='word_1_266' title='bbox 1151 2371 1183 2405; x_wconf 91' lang='grc' dir='ltr'><em>Φ</em></span> <span class='ocrx_word' id='word_1_267' title='bbox 1253 2371 1386 2405; x_wconf 82' lang='lat' dir='ltr'><strong>multas</strong></span> <span class='ocrx_word' id='word_1_268' title='bbox 1413 2370 1456 2405; x_wconf 91' lang='lat' dir='ltr'><strong>de</strong></span> <span class='ocrx_word' id='word_1_269' title='bbox 1480 2370 1687 2416; x_wconf 87' lang='lat' dir='ltr'><strong>margaritis</strong></span> <span class='ocrx_word' id='word_1_270' title='bbox 1705 2370 1745 2405; x_wconf 92' lang='lat' dir='ltr'><em>D</em></span> 
     </span>
     <span class='ocr_line' id='line_1_31' title="bbox 218 2425 1744 2474; baseline 0.003 -15"><span class='ocrx_word' id='word_1_271' title='bbox 218 2425 241 2460; x_wconf 89' lang='grc'>8</span> <span class='ocrx_word' id='word_1_272' title='bbox 268 2426 338 2470; x_wconf 88' lang='lat' dir='ltr'><strong>sta]</strong></span> <span class='ocrx_word' id='word_1_273' title='bbox 365 2426 435 2460; x_wconf 89' lang='lat' dir='ltr'><strong>ista</strong></span> <span class='ocrx_word' id='word_1_274' title='bbox 460 2426 569 2461; x_wconf 85' lang='lat' dir='ltr'><strong>Ka.c.</strong></span> <span class='ocrx_word' id='word_1_275' title='bbox 595 2427 701 2462; x_wconf 88' lang='lat' dir='ltr'><strong>istam</strong></span> <span class='ocrx_word' id='word_1_276' title='bbox 733 2428 770 2462; x_wconf 77' lang='grc' dir='ltr'><em>Ψ</em></span> <span class='ocrx_word' id='word_1_277' title='bbox 863 2428 952 2463; x_wconf 87' lang='lat' dir='ltr'><strong>iher.</strong></span> <span class='ocrx_word' id='word_1_278' title='bbox 978 2429 1014 2463; x_wconf 91' lang='grc' dir='ltr'><strong><em>Β</em></strong></span> <span class='ocrx_word' id='word_1_279' title='bbox 1038 2429 1100 2463; x_wconf 86' lang='lat' dir='ltr'><strong>ier.</strong></span> <span class='ocrx_word' id='word_1_280' title='bbox 1126 2440 1150 2474; x_wconf 77' lang='grc' dir='ltr'><em>ς</em></span> <span class='ocrx_word' id='word_1_281' title='bbox 1249 2429 1313 2464; x_wconf 92' lang='lat' dir='ltr'><strong>illa</strong></span> <span class='ocrx_word' id='word_1_282' title='bbox 1337 2429 1376 2464; x_wconf 91' lang='lat' dir='ltr'><em>D</em></span> <span class='ocrx_word' id='word_1_283' title='bbox 1449 2430 1470 2464; x_wconf 89' lang='grc'>9</span> <span class='ocrx_word' id='word_1_284' title='bbox 1495 2429 1647 2474; x_wconf 79' lang='lat' dir='ltr'><strong>patriam</strong></span> <span class='ocrx_word' id='word_1_285' title='bbox 1673 2428 1744 2465; x_wconf 90' lang='lat' dir='ltr'><strong>GB</strong></span> 
     </span>
     <span class='ocr_line' id='line_1_32' title="bbox 221 2483 1742 2528; baseline 0.003 -10"><span class='ocrx_word' id='word_1_286' title='bbox 221 2483 384 2528; x_wconf 91' lang='lat' dir='ltr'><strong>perducit</strong></span> <span class='ocrx_word' id='word_1_287' title='bbox 412 2484 445 2519; x_wconf 97' lang='lat' dir='ltr'><strong><em>G</em></strong></span> <span class='ocrx_word' id='word_1_288' title='bbox 539 2485 581 2520; x_wconf 90' lang='grc'><strong>10</strong></span> <span class='ocrx_word' id='word_1_289' title='bbox 608 2486 826 2521; x_wconf 83' lang='lat' dir='ltr'><strong>sententiam</strong></span> <span class='ocrx_word' id='word_1_290' title='bbox 856 2488 888 2521; x_wconf 92' lang='grc' dir='ltr'><em>Φ</em></span> <span class='ocrx_word' id='word_1_291' title='bbox 962 2487 1004 2522; x_wconf 88' lang='grc'><strong>12</strong></span> <span class='ocrx_word' id='word_1_292' title='bbox 1030 2487 1107 2524; x_wconf 88' lang='lat' dir='ltr'><strong>sim.</strong></span> <span class='ocrx_word' id='word_1_293' title='bbox 1134 2490 1170 2522; x_wconf 87' lang='lat' dir='ltr'><strong>et</strong></span> <span class='ocrx_word' id='word_1_294' title='bbox 1195 2488 1242 2523; x_wconf 93' lang='lat' dir='ltr'><strong>ol.</strong></span> <span class='ocrx_word' id='word_1_295' title='bbox 1268 2499 1356 2523; x_wconf 87' lang='lat' dir='ltr'><strong>com.</strong></span> <span class='ocrx_word' id='word_1_296' title='bbox 1385 2487 1419 2523; x_wconf 95' lang='lat' dir='ltr'><strong><em>G</em></strong></span> <span class='ocrx_word' id='word_1_297' title='bbox 1509 2487 1677 2522; x_wconf 85' lang='lat' dir='ltr'><strong>similiam</strong></span> <span class='ocrx_word' id='word_1_298' title='bbox 1703 2487 1742 2522; x_wconf 92' lang='lat' dir='ltr'><em>D</em></span> 
     </span>
     <span class='ocr_line' id='line_1_33' title="bbox 220 2543 1739 2592; baseline 0.003 -16"><span class='ocrx_word' id='word_1_299' title='bbox 220 2543 389 2577; x_wconf 65' lang='lat' dir='ltr'><strong>simmam</strong></span> <span class='ocrx_word' id='word_1_300' title='bbox 419 2544 454 2578; x_wconf 77' lang='grc' dir='ltr'><strong><em>Ψ</em></strong></span> <span class='ocrx_word' id='word_1_301' title='bbox 528 2544 570 2578; x_wconf 86' lang='grc'><strong>13</strong></span> <span class='ocrx_word' id='word_1_302' title='bbox 596 2545 787 2580; x_wconf 87' lang='lat' dir='ltr'><strong>ierusalem</strong></span> <span class='ocrx_word' id='word_1_303' title='bbox 811 2546 847 2580; x_wconf 91' lang='grc' dir='ltr'><strong><em>Β</em></strong></span> <span class='ocrx_word' id='word_1_304' title='bbox 922 2546 966 2580; x_wconf 83' lang='grc'><strong>14</strong></span> <span class='ocrx_word' id='word_1_305' title='bbox 991 2557 1188 2581; x_wconf 84' lang='lat' dir='ltr'><strong>sermonem</strong></span> <span class='ocrx_word' id='word_1_306' title='bbox 1213 2546 1257 2581; x_wconf 85' lang='lat' dir='ltr'><strong><em>K</em></strong></span> <span class='ocrx_word' id='word_1_307' title='bbox 1327 2547 1370 2581; x_wconf 86' lang='lat'><strong>15</strong></span> <span class='ocrx_word' id='word_1_308' title='bbox 1396 2546 1601 2592; x_wconf 86' lang='lat' dir='ltr'><strong>exuperium</strong></span> <span class='ocrx_word' id='word_1_309' title='bbox 1629 2545 1739 2581; x_wconf 77' lang='lat' dir='ltr'><em>G-DB</em></span> 
     </span>
     <span class='ocr_line' id='line_1_34' title="bbox 220 2600 1739 2641; baseline 0.003 -6"><span class='ocrx_word' id='word_1_310' title='bbox 220 2600 264 2636; x_wconf 89' lang='lat'><strong>16</strong></span> <span class='ocrx_word' id='word_1_311' title='bbox 289 2601 445 2636; x_wconf 87' lang='lat' dir='ltr'><strong>instruat</strong></span> <span class='ocrx_word' id='word_1_312' title='bbox 475 2603 506 2636; x_wconf 91' lang='grc' dir='ltr'><em>Φ</em></span> <span class='ocrx_word' id='word_1_313' title='bbox 629 2603 670 2638; x_wconf 89' lang='lat'><strong>17</strong></span> <span class='ocrx_word' id='word_1_314' title='bbox 698 2615 864 2639; x_wconf 88' lang='lat' dir='ltr'><strong>mamona</strong></span> <span class='ocrx_word' id='word_1_315' title='bbox 893 2605 1004 2640; x_wconf 74' lang='lat' dir='ltr'><strong>GD&lt;D</strong></span> <span class='ocrx_word' id='word_1_316' title='bbox 1115 2608 1152 2641; x_wconf 90' lang='lat' dir='ltr'><strong>te</strong></span> <span class='ocrx_word' id='word_1_317' title='bbox 1178 2616 1244 2640; x_wconf 90' lang='lat' dir='ltr'><strong>om.</strong></span> <span class='ocrx_word' id='word_1_318' title='bbox 1275 2605 1310 2641; x_wconf 90' lang='lat' dir='ltr'><strong><em>G</em></strong></span> <span class='ocrx_word' id='word_1_319' title='bbox 1431 2606 1474 2641; x_wconf 89' lang='lat'><strong>18</strong></span> <span class='ocrx_word' id='word_1_320' title='bbox 1499 2606 1581 2640; x_wconf 76' lang='lat' dir='ltr'><strong>tuas</strong></span> <span class='ocrx_word' id='word_1_321' title='bbox 1607 2615 1673 2640; x_wconf 87' lang='lat' dir='ltr'><strong>om.</strong></span> <span class='ocrx_word' id='word_1_322' title='bbox 1699 2605 1739 2640; x_wconf 91' lang='lat' dir='ltr'><em>D</em></span> 
     </span>
     <span class='ocr_line' id='line_1_35' title="bbox 221 2660 1739 2709; baseline 0.004 -16"><span class='ocrx_word' id='word_1_323' title='bbox 221 2660 264 2694; x_wconf 86' lang='lat'><strong>19</strong></span> <span class='ocrx_word' id='word_1_324' title='bbox 289 2660 449 2704; x_wconf 87' lang='lat' dir='ltr'><strong>phasidis</strong></span> <span class='ocrx_word' id='word_1_325' title='bbox 470 2661 506 2694; x_wconf 92' lang='lat' dir='ltr'><strong><em>B</em></strong></span> <span class='ocrx_word' id='word_1_326' title='bbox 524 2661 681 2697; x_wconf 86' lang='lat' dir='ltr'><strong>fastidiis</strong></span> <span class='ocrx_word' id='word_1_327' title='bbox 706 2664 738 2697; x_wconf 93' lang='grc' dir='ltr'><em>Φ</em></span> <span class='ocrx_word' id='word_1_328' title='bbox 756 2662 890 2698; x_wconf 80' lang='lat' dir='ltr'><strong>fasides</strong></span> <span class='ocrx_word' id='word_1_329' title='bbox 910 2667 972 2699; x_wconf 79' lang='lat' dir='ltr'><strong>eet.</strong></span> <span class='ocrx_word' id='word_1_330' title='bbox 1047 2664 1145 2709; x_wconf 89' lang='lat' dir='ltr'><strong>aues]</strong></span> <span class='ocrx_word' id='word_1_331' title='bbox 1166 2675 1278 2699; x_wconf 91' lang='lat' dir='ltr'><strong>uaues</strong></span> <span class='ocrx_word' id='word_1_332' title='bbox 1301 2665 1332 2698; x_wconf 90' lang='grc' dir='ltr'><em>Φ</em></span> <span class='ocrx_word' id='word_1_333' title='bbox 1350 2663 1462 2699; x_wconf 91' lang='lat' dir='ltr'><strong>habes</strong></span> <span class='ocrx_word' id='word_1_334' title='bbox 1484 2663 1518 2699; x_wconf 90' lang='lat' dir='ltr'><strong><em>G</em></strong></span> <span class='ocrx_word' id='word_1_335' title='bbox 1590 2674 1680 2709; x_wconf 88' lang='lat' dir='ltr'><strong>pane</strong></span> <span class='ocrx_word' id='word_1_336' title='bbox 1699 2663 1739 2698; x_wconf 93' lang='lat' dir='ltr'><em>D</em></span> 
     </span>
     <span class='ocr_line' id='line_1_36' title="bbox 220 2714 1736 2768; baseline 0.005 -17"><span class='ocrx_word' id='word_1_337' title='bbox 220 2722 382 2753; x_wconf 85' lang='lat' dir='ltr'><strong>coemant</strong></span> <span class='ocrx_word' id='word_1_338' title='bbox 411 2719 673 2764; x_wconf 68' lang='lat' dir='ltr'><strong>G‚Ka.c.m2l[&#39;</strong></span> <span class='ocrx_word' id='word_1_339' title='bbox 696 2714 838 2757; x_wconf 54' lang='lat' dir='ltr'><strong>comedi}</strong></span> <span class='ocrx_word' id='word_1_340' title='bbox 862 2723 898 2757; x_wconf 93' lang='lat' dir='ltr'><strong><em>B</em></strong></span> <span class='ocrx_word' id='word_1_341' title='bbox 924 2722 1115 2757; x_wconf 87' lang='lat' dir='ltr'><strong>comedant</strong></span> <span class='ocrx_word' id='word_1_342' title='bbox 1140 2726 1202 2758; x_wconf 77' lang='lat' dir='ltr'><strong>cet.</strong></span> <span class='ocrx_word' id='word_1_343' title='bbox 1300 2723 1457 2768; x_wconf 85' lang='lat' dir='ltr'><strong>expellat</strong></span> <span class='ocrx_word' id='word_1_344' title='bbox 1485 2723 1517 2757; x_wconf 91' lang='grc' dir='ltr'><em>Φ</em></span> <span class='ocrx_word' id='word_1_345' title='bbox 1604 2723 1650 2758; x_wconf 89' lang='grc'><strong>20</strong></span> <span class='ocrx_word' id='word_1_346' title='bbox 1676 2733 1736 2757; x_wconf 85' lang='lat' dir='ltr'><strong>au-</strong></span> 
     </span>
     <span class='ocr_line' id='line_1_37' title="bbox 219 2778 1736 2828; baseline 0.005 -18"><span class='ocrx_word' id='word_1_347' title='bbox 219 2779 303 2820; x_wconf 87' lang='lat' dir='ltr'><strong>geat</strong></span> <span class='ocrx_word' id='word_1_348' title='bbox 332 2778 407 2812; x_wconf 77' lang='grc' dir='ltr'><strong>ΦΨ</strong></span> <span class='ocrx_word' id='word_1_349' title='bbox 492 2779 604 2814; x_wconf 84' lang='lat' dir='ltr'><strong>luxor.</strong></span> <span class='ocrx_word' id='word_1_350' title='bbox 630 2779 750 2814; x_wconf 78' lang='grc' dir='ltr'><strong>ΚΦΨ</strong></span> <span class='ocrx_word' id='word_1_351' title='bbox 832 2782 915 2826; x_wconf 73' lang='lat' dir='ltr'><strong>int]</strong></span> <span class='ocrx_word' id='word_1_352' title='bbox 942 2781 1028 2817; x_wconf 82' lang='lat' dir='ltr'><strong>add.</strong></span> <span class='ocrx_word' id='word_1_353' title='bbox 1056 2784 1092 2817; x_wconf 91' lang='lat' dir='ltr'><strong>et</strong></span> <span class='ocrx_word' id='word_1_354' title='bbox 1120 2782 1154 2817; x_wconf 90' lang='lat' dir='ltr'><strong><em>G</em></strong></span> <span class='ocrx_word' id='word_1_355' title='bbox 1226 2782 1268 2817; x_wconf 83' lang='lat'><strong>21</strong></span> <span class='ocrx_word' id='word_1_356' title='bbox 1296 2782 1439 2828; x_wconf 85' lang='lat' dir='ltr'><strong>potenti</strong></span> <span class='ocrx_word' id='word_1_357' title='bbox 1468 2783 1500 2816; x_wconf 92' lang='grc' dir='ltr'><em>Φ</em></span> <span class='ocrx_word' id='word_1_358' title='bbox 1583 2782 1736 2817; x_wconf 83' lang='lat' dir='ltr'><strong>maxima</strong></span> 
     </span>
     <span class='ocr_line' id='line_1_38' title="bbox 215 2834 851 2875; baseline 0.013 -8"><span class='ocrx_word' id='word_1_359' title='bbox 215 2834 263 2868; x_wconf 81' lang='lat' dir='ltr'><strong>ad</strong></span> <span class='ocrx_word' id='word_1_360' title='bbox 291 2835 504 2871; x_wconf 85' lang='lat' dir='ltr'><strong>domesticos</strong></span> <span class='ocrx_word' id='word_1_361' title='bbox 534 2839 566 2871; x_wconf 89' lang='grc' dir='ltr'><em>Φ</em></span> <span class='ocrx_word' id='word_1_362' title='bbox 637 2839 682 2873; x_wconf 81' lang='grc'><strong>22</strong></span> <span class='ocrx_word' id='word_1_363' title='bbox 710 2840 787 2875; x_wconf 89' lang='lat' dir='ltr'><strong>cibo</strong></span> <span class='ocrx_word' id='word_1_364' title='bbox 820 2841 851 2874; x_wconf 90' lang='grc' dir='ltr'><em>Φ</em></span> 
     </span>
    </p>
   </div>
   <div class='ocr_carea' id='block_1_10' title="bbox 1839 2603 1861 2976">
    <p class='ocr_par' dir='ltr' id='par_1_11' title="bbox 1839 2603 1861 2976">
     <span class='ocr_line' id='line_1_39' title="bbox 1839 2603 1861 2976; textangle 90"><span class='ocrx_word' id='word_1_365' title='bbox 1839 2863 1857 2976; x_wconf 48' lang='grc' dir='ltr'><strong>-ζὲ-Ἢρἱ,</strong></span> <span class='ocrx_word' id='word_1_366' title='bbox 1842 2752 1859 2846; x_wconf 42' lang='grc' dir='ltr'><strong>,ἡκ-ἰγ’</strong></span> <span class='ocrx_word' id='word_1_367' title='bbox 1848 2670 1859 2731; x_wconf 54' lang='lat'><strong>&gt;221⁴</strong></span> <span class='ocrx_word' id='word_1_368' title='bbox 1846 2651 1847 2654; x_wconf 28' lang='grc' dir='ltr'><em>Α</em></span> <span class='ocrx_word' id='word_1_369' title='bbox 1857 2603 1861 2619; x_wconf 47' lang='grc' dir='ltr'><strong>Α,</strong></span> 
     </span>
    </p>
   </div>
  </div>
 </body>
</html>
