1884 3254
281 253 366 295 232
824 248 976 285 Sancti
1001 248 1253 293 Hieronymi

341 381 379 423 7.
409 380 639 433 Hucusque
666 378 884 433 Origenes,
915 378 1037 420 cuius
1068 389 1144 419 nos
1175 377 1404 421 maluimus
1435 378 1475 421 in
1508 378 1586 421 hac
1612 378 1800 433 disputa·

281 452 396 494 tione
417 451 632 493 dumtaxat
649 448 888 503 inperitiam
908 448 1041 501 sequi,
1062 460 1187 501 quam
1213 447 1387 490 stultam
1407 448 1558 492 habere
1578 448 1799 492 scientiam

282 522 556 565 nescientum.

961 656 1115 699 XXIX.

810 750 888 794 AD
919 750 1274 794 MARCELLAM.
1838 771 1858 800 5

342 849 380 889 1.
412 846 646 902 Epistolare
684 846 869 888 officium
908 847 973 887 est
1005 845 1055 886 de
1092 858 1135 886 re
1172 845 1369 888 familiari
1402 848 1475 888 aut
1506 845 1557 888 de
1591 845 1802 889 cotidiana

282 917 596 962 conuersatione
636 916 795 970 aliquid
834 916 1013 958 scribere
1053 919 1096 958 et
1127 916 1435 970 quodammodo
1469 916 1663 959 absentes
1693 916 1804 959 inter

283 1003 327 1032 se
364 991 602 1045 praesentes
642 987 743 1035 fieri,
778 988 876 1029 dum
915 990 1078 1038 mutu0,
1113 987 1214 1041 quid
1253 990 1326 1029 aut
1363 987 1498 1030 uelint
1529 989 1602 1029 aut
1632 988 1801 1042 gestum

282 1060 351 1112 sit,
390 1061 597 1110 nuntiant,
634 1058 735 1100 licet
776 1058 985 1100 interdum
1030 1058 1383 1100 confabulationis
1426 1058 1511 1103 tale
1555 1057 1800 1100 conuiuium

282 1130 493 1174 doctrinae
508 1141 674 1184 quoque
688 1129 775 1170 sale
790 1129 1020 1170 condiatur.
1035 1141 1183 1171 uerum
1197 1129 1288 1170 tute
1308 1128 1348 1170 in
1364 1127 1613 1170 tractatibus
1628 1140 1802 1181 occupa·
1826 1141 1862 1169 ιο

280 1202 352 1252 ris,
371 1200 477 1242 nihil
496 1200 601 1242 mihi
621 1199 785 1249 scribis,
806 1199 889 1241 nisi
915 1199 1025 1258 quod
1051 1211 1118 1241 me
1138 1201 1332 1253 torqueat
1352 1200 1394 1240 et
1413 1199 1644 1253 scripturas
1662 1199 1802 1254 legere

281 1272 500 1326 conpellat.
515 1271 692 1325 denique
711 1271 801 1312 heri
820 1270 1104 1312 famosissima
1125 1267 1369 1324 quaestione
1383 1269 1598 1325 proposita
1616 1269 1802 1324 postula-

281 1342 349 1393 sti,
377 1343 435 1394 ut,
461 1337 562 1396 quid
588 1341 800 1391 sentirem,
821 1341 967 1383 statim
992 1341 1282 1390 rescriberem;
1305 1340 1425 1394 quasi
1445 1352 1545 1397 uero
1565 1339 1803 1395 pharisaeo-

279 1426 370 1454 rum
397 1414 560 1454 teneam
587 1411 842 1463 cathedram,
863 1413 925 1462 ut,
947 1411 1325 1465 quotienscumque
1353 1410 1402 1453 de
1421 1411 1562 1453 uerbis
1581 1410 1802 1452 Hebraicis

278 1483 461 1539 iurgium
483 1488 561 1534 est,
583 1495 660 1537 ego
681 1482 836 1525 arbiter
854 1484 897 1523 et
913 1481 1004 1526 litis
1025 1483 1242 1536 sequester
1262 1494 1470 1535 exposcar.
1490 1494 1571 1524 non
1591 1483 1690 1524 sunt
1707 1493 1801 1524 sua·
1826 1493 1862 1520 15

279 1566 355 1595 ues
382 1553 543 1606 epulae,
578 1565 682 1606 quae
708 1565 788 1594 non
816 1551 1125 1605 etplacentam
1157 1551 1383 1601 redoleant,
1417 1565 1521 1605 quas
1547 1564 1627 1593 non
1660 1550 1804 1593 condit

278 1623 468 1677 Apicius,
500 1623 542 1664 in
576 1623 728 1677 quibus
761 1622 865 1664 nihil
897 1621 946 1664 de
979 1622 1277 1677 magistrorum
1315 1622 1441 1674 huius
1479 1621 1682 1675 temporis
1712 1621 1802 1663 iure

280 1694 491 1736 suffumat.
517 1693 592 1736 sed
618 1694 717 1747 quia
741 1695 889 1735 uector
913 1694 956 1735 et
979 1693 1261 1735 internuntius
1288 1692 1493 1735 sermonis
1511 1692 1645 1734 nostri
1669 1691 1802 1734 redire
1853 1738 1856 1741 ,

403 1833 417 1866 1
447 1832 490 1867 cf.
516 1832 659 1867 Terent.
686 1831 796 1868 Andr.
821 1832 960 1883 20÷21
1036 1832 1056 1866 7
1084 1831 1129 1866 cf.
1154 1831 1337 1877 Turpilius
1361 1831 1432 1866 inc.
1458 1831 1530 1867 fab.
1555 1830 1599 1867 fr.
1628 1831 1645 1866 1
1671 1830 1716 1865 R.

332 1914 347 1948 1
377 1914 533 1959 origenis
559 1914 745 1959 Imma
772 1917 805 1956 (e
831 1925 874 1949 ex
898 1915 924 1958 i)
1014 1913 1190 1949 malumus
1217 1913 1390 1949 Ka.c.m2
1462 1914 1484 1948 2
1508 1913 1675 1959 peritiam
1700 1911 1801 1948 AD&

282 1973 497 2008 sententiam
528 1972 559 2015 Q
631 1973 652 2008 3
677 1974 914 2008 nescientium
940 1973 1087 2018 Bfflpae.
1113 1974 1347 2008 nescientiam
1374 1974 1398 2008 ὖ

562 2112 814 2149 Berolinensis
839 2112 903 2147 lat.
927 2114 975 2147 17
998 2123 1026 2147 ε.
1052 2112 1126 2147 ΙΧ.

569 2171 778 2207 Turicensis
801 2171 996 2216 Auqiensis
1025 2173 1076 2206 49
1099 2183 1126 2206 s.
1152 2171 1226 2206 IX.

571 2230 775 2265 Vaticanus
801 2231 868 2265 lat.
895 2232 975 2265 355
1000 2230 1046 2275 ’⁵5-
1074 2232 1154 2265 356
1177 2241 1205 2264 s,
1231 2230 1392 2265 IX—X.

562 2289 814 2326 Berolinensis
840 2290 904 2325 lat.
930 2292 978 2325 18
1001 2301 1028 2325 s.
1055 2289 1154 2325 XII.

423 2113 464 2322 comma

493 2305 536 2318 ΙΙ
495 2246 538 2259 ΙΙ
494 2188 538 2200 ΙΙ
493 2128 537 2141 ΙΙ

331 2426 352 2459 5
378 2423 423 2458 ad
448 2424 652 2459 marcellam
678 2424 791 2459 ΔΗΒ
816 2424 861 2459 ad
885 2425 1090 2460 marcellam
1117 2425 1160 2460 de
1187 2425 1313 2470 efphot
1338 2427 1374 2460 et
1399 2425 1567 2471 seraphin
1590 2425 1643 2470 B‚·
1666 2426 1802 2463 Hiero—

282 2483 383 2527 nymi
405 2493 537 2518 nomen
555 2482 734 2527 praebent
758 2483 918 2518 omnium
942 2484 1046 2520 codd.
1073 2485 1174 2520 tituli
1245 2484 1267 2519 6
1291 2484 1444 2530 epistole
1462 2484 1502 2519 D
1597 2488 1653 2520 est
1677 2496 1746 2523 om.
1767 2486 1806 2521 11
1871 2467 1884 2507 3

284 2542 303 2576 7
331 2544 367 2576 et
389 2551 419 2576 a.
446 2541 469 2576 1.
494 2541 530 2576 Β
645 2542 740 2576 inter
764 2541 815 2587 se]
840 2542 935 2577 inter
958 2543 1049 2586 A,11
1067 2542 1261 2587 (interdum
1284 2545 1363 2586 m2)
1447 2544 1468 2579 9
1494 2544 1802 2581 confabulationes

283 2600 396 2635 ΑΗΒ
482 2600 526 2635 10
549 2602 630 2635 tute
655 2600 732 2634 ΛΠ
752 2602 810 2635 tot
833 2600 869 2635 B
890 2603 931 2636 tu
955 2603 1037 2636 tota
1061 2602 1101 2636 D
1123 2605 1163 2636 tu
1191 2601 1275 2637 dum
1299 2603 1378 2637 tota
1401 2613 1426 2646 ς
1517 2602 1557 2637 11
1586 2602 1744 2639 scribens
1768 2602 1805 2638 Β

285 2659 330 2693 12
355 2658 530 2703 conpellis
553 2658 632 2693 ΛΠ
734 2659 813 2694 heri
837 2659 877 2694 D
902 2659 944 2694 de
970 2671 1009 2695 re
1034 2660 1081 2704 B,
1107 2672 1173 2696 om.
1200 2661 1277 2696 ΛΠ
1375 2661 1563 2706 questione
1588 2661 1625 2696 B
1719 2672 1800 2707 pre·

284 2718 403 2762 posita
427 2719 598 2754 Ameana
621 2719 824 2763 postposita
848 2718 884 2753 Β
950 2719 993 2754 14
1019 2731 1053 2754 u.
1078 2719 1221 2755 hebreis
1248 2720 1288 2754 ΙΙ
1307 2719 1451 2756 hebreis
1476 2731 1509 2756 u.
1536 2720 1572 2755 B
1644 2721 1688 2762 16
1714 2731 1800 2766 epu·

283 2775 339 2810 lae
364 2786 388 2819 g
413 2776 588 2820 epistulae
614 2776 718 2812 codd.
851 2779 889 2811 et
912 2787 981 2812 om.
1006 2777 1045 2812 D
1169 2778 1372 2823 placentam
1396 2790 1421 2823 ς
1444 2779 1611 2824 placeant
1635 2781 1672 2813 et
1696 2778 1799 2815 codd.

287 2835 327 2867 17
356 2834 432 2868 iura
457 2834 496 2869 D
571 2835 612 2869 18
640 2837 761 2870 uector
785 2838 819 2879 (e
845 2847 888 2871 ex
913 2837 925 2870 i
949 2839 1025 2879 m2)
1050 2837 1086 2871 A
1110 2836 1226 2872 uictor
1253 2837 1328 2872 HD
1351 2838 1470 2872 uiator
1494 2837 1530 2872 Β
