1884 3254
14 998 92 1056 '410

14 1362 90 1391 ,15

648 227 854 272 Epistula
878 226 980 262 XXII
1006 227 1098 262 6—7
1556 230 1640 272 153

113 359 210 401 bam
248 358 379 408 solus,
417 357 531 411 quia·
554 356 832 399 amaritudine
870 356 1056 410 repletus
1097 368 1222 398 eram.
1259 356 1478 399 horrebam
1521 369 1641 399 sacco

112 429 299 472 membra
349 428 560 481 deformis,
610 427 804 482 squalida
854 427 964 471 cutis
1015 428 1146 470 situm
1188 427 1464 482 Aethiopicae
1508 429 1642 470 carnis

114 499 352 542 adduxerat.
374 499 528 541 cotidie
552 499 764 549 lacrimae,
793 498 947 541 cotidie
974 499 1158 554 gemitus
1186 501 1240 549 et,
1268 498 1304 540 si
1331 498 1495 552 quando
1522 511 1642 553 repu-

115 571 310 626 gnantem
348 582 520 612 somnus
558 569 766 612 inminens
808 569 1107 624 oppressisset,
1140 559 1253 612 nuda
1283 569 1412 612 humo
1444 569 1515 612 uix
1546 582 1645 612 ossa

40 687 43 688 ⁷
113 641 329 683 haerentia
359 639 634 683 conlidebam.
667 640 718 682 de
751 640 856 682 cibis
888 653 988 684 uero
1023 643 1066 682 et
1095 643 1199 694 potu
1231 642 1365 692 taceo,
1393 652 1486 683 cum
1515 640 1642 683 etiam

111 711 359 766 languentes
398 723 507 765 aqua
543 711 696 767 frigida
733 713 905 754 utantur
943 713 986 753 et
1023 713 1191 753 coctum
1229 711 1391 765 aliquid
1429 711 1643 766 accepisse

113 782 300 824 luxuriae
333 780 402 824 sit.
441 782 515 824 ille
546 781 677 837 igitur
710 795 802 836 ego,
836 782 907 835 qui
941 782 992 824 ob
1027 782 1240 837 gehennae
1272 783 1431 824 metum
1464 783 1541 824 tali
1578 795 1644 826 me

115 865 278 895 carcere
314 852 406 906 ipse
445 852 756 904 damnaueram,
790 852 1060 907 scorpionum
1092 854 1259 895 tantum
1293 853 1433 896 socius
1468 855 1511 895 et
1539 853 1642 896 fera·

113 937 220 975 rum,
255 936 380 976 saepe
413 923 552 965 choris
585 923 808 965 intereram
840 923 1093 977 puellarum.
1125 923 1341 976 pallebant
1371 935 1443 966 ora
1473 923 1645 966 ieiuniis

116 997 159 1038 et
188 1007 307 1037 mens
340 993 558 1036 desideriis
590 993 814 1036 aestuabat
843 994 885 1035 in
917 993 1070 1048 frigido
1104 1005 1275 1047 corpore
1308 996 1351 1035 et
1382 995 1476 1036 ante
1511 994 1645 1036 homi-

114 1077 208 1108 nem
260 1078 385 1108 suum
433 1065 517 1107 iam
568 1076 689 1107 carne
732 1066 1000 1118 praemortua
1044 1064 1134 1108 sola
1181 1064 1404 1107 libidinum
1453 1064 1647 1108 incendia

114 1135 361 1179 bulliebant.
403 1136 548 1189 itaque
592 1135 706 1177 omni
750 1135 903 1178 auxilio
949 1135 1183 1178 destitutus
1227 1135 1279 1177 ad
1321 1136 1420 1179 Iesu
1456 1136 1645 1179 iacebam

112 1207 254 1261 pedes,
288 1206 478 1261 rigabam
516 1206 718 1258 lacrimis,
752 1206 864 1248 crine
902 1206 1119 1262 tergebam
1153 1209 1195 1250 et
1224 1209 1528 1262 repugnantem
1560 1219 1646 1250 car·

113 1291 208 1320 nem
246 1277 574 1320 ebdomadarum
610 1277 751 1319 inedia
790 1277 1085 1332 subiugabam.
1118 1290 1200 1320 non
1233 1278 1434 1320 erubesco
1467 1277 1646 1320 infelici·

113 1348 216 1391 tatis
248 1360 380 1398 meae,
413 1346 512 1400 quin
543 1347 685 1401 potius
717 1347 870 1402 plango
897 1360 978 1389 non
1006 1359 1113 1398 esse,
1140 1347 1254 1401 quod
1283 1347 1448 1390 fuerim.
1474 1348 1648 1391 memini

114 1431 182 1462 me
220 1418 469 1461 clamantem
509 1417 620 1459 diem
661 1418 802 1460 crebro
841 1417 1028 1460 iunxisse
1066 1430 1163 1460 cum
1201 1420 1324 1460 nocte
1361 1430 1438 1460 nec
1475 1418 1592 1472 prius
1624 1431 1648 1461 a

114 1489 297 1543 pectoris
336 1500 524 1531 cessasse
561 1488 824 1540 uerberibus,
858 1501 985 1543 quarn
1019 1488 1189 1532 domino
1220 1489 1377 1531 rediret
1406 1490 1648 1544 increpante

115 1560 416 1614 tranquillitas.
443 1560 580 1614 ipsam
607 1572 773 1614 quoque
799 1559 997 1602 cellulam
1022 1572 1161 1602 meam
1194 1560 1316 1614 quasi
1341 1560 1647 1615 cogitationum

237 1687 254 1723 1
283 1687 327 1722 cf.
353 1687 454 1722 Ruth
481 1687 512 1732 1,
539 1687 586 1723 20
661 1687 704 1722 12
731 1686 775 1722 cf.
802 1687 887 1722 Luc.
915 1688 948 1731 7,
974 1687 1020 1722 38

166 1760 183 1794 1
213 1759 274 1804 qui
298 1758 507 1802 k,¹Fa.c-m2
672 1757 949 1793 amaritudinem
975 1757 1043 1802 H‚t
1070 1760 1190 1801 (corr.)
1352 1757 1543 1792 horrebam
1567 1757 1610 1792 K
1618 1757 1655 1792 Ψ

116 1818 311 1853 horrebant
335 1819 394 1861 (ex
418 1817 589 1852 horrebat
612 1817 694 1863 ΣΦ)
718 1820 780 1854 cet.
879 1816 900 1851 2
927 1816 1098 1852 deformis
1124 1817 1168 1852 K
1172 1817 1220 1852 Pt
1246 1816 1416 1851 deformis
1435 1818 1481 1858 ‚et
1506 1816 1649 1860 2'DBJo

117 1880 168 1921 (et
192 1889 219 1912 s.
248 1878 270 1913 Ζ.
295 1879 370 1920 m2)
397 1876 573 1911 deformia
597 1875 677 1911 ΗΦ
702 1875 878 1911 deformia
904 1878 940 1911 et
964 1886 989 1921 g
1104 1875 1267 1921 squalide
1295 1877 1417 1920 (corr.)
1442 1875 1478 1910 B
1502 1875 1583 1910 -dae
1610 1875 1649 1910 D

117 1937 323 1982 aethiopiae
347 1937 468 1980 (corr.)
492 1936 526 1971 Σ
547 1935 704 1981 aetiopie
729 1937 773 1980 (ε.
801 1935 823 1970 ῑ.
851 1946 869 1971 c
893 1939 1002 1979 eras.)
1033 1936 1066 1970 Φ
1143 1935 1165 1971 3
1191 1934 1389 1970 obduxerat
1413 1934 1568 1976 ΣΒΦ,Β
1593 1936 1650 1978 (at

117 2007 160 2033 ex
184 1997 262 2042 ant)
358 1995 444 2030 lacr.
471 1998 540 2030 cot.
566 2005 634 2032 om.
661 1994 701 2029 H
774 1994 942 2031 lacrimas
969 1995 991 2030 k
1049 1996 1072 2030 4
1098 1995 1311 2040 inpresisset
1338 1994 1383 2029 H
1449 1993 1548 2029 nuda
1578 1993 1648 2028 ΨΒ

116 2054 233 2091 nudae
253 2054 296 2090 K
319 2058 453 2098 (com),
473 2054 496 2090 k
519 2053 651 2090 nudam
670 2055 703 2090 Σ
723 2055 859 2100 (corr.),
880 2057 894 2089 t
912 2054 1048 2090 nullam
1068 2054 1107 2089 D
1125 2053 1220 2089 nudo
1242 2054 1362 2100 (corr.)
1387 2054 1420 2088 Φ
1438 2055 1476 2087 et
1491 2051 1587 2087 nudo
1605 2051 1652 2087 H

118 2115 265 2150 humum
287 2115 319 2150 Σ
333 2116 467 2159 (comt),
486 2114 526 2149 D
544 2114 651 2150 homo
672 2113 876 2159 (οονν.)ΦΨ
946 2113 1000 2148 uis
1026 2124 1107 2149 ossa
1128 2117 1142 2148 t
1167 2124 1250 2148 ossa
1274 2113 1333 2148 uix
1351 2124 1376 2158 g
1423 2114 1444 2148 5
1470 2112 1650 2147 hierentia

118 2174 162 2209 H
181 2173 365 2208 herrentia
388 2174 419 2207 Φ
490 2175 630 2208 taceam
651 2176 665 2208 t
713 2173 734 2207 6
754 2173 971 2218 languentes
995 2172 1163 2207 monachi
1189 2172 1229 2214 k,·
1253 2183 1282 2207 s.
1310 2173 1333 2207 l.
1354 2171 1512 2207 add-ibi
1531 2173 1595 2207 m2
1611 2171 1650 2206 B

118 2232 264 2278 aliquod
293 2233 324 2267 Φ
397 2233 416 2267 7
441 2232 637 2276 luxu(0)ria
661 2231 799 2267 11ka
896 2232 958 2277 sit]
986 2231 1028 2267 in
1051 2242 1126 2267 ras.
1151 2234 1213 2266 m2
1237 2231 1274 2266 B
1299 2233 1357 2266 est
1379 2231 1489 2266 ΗΣΠ
1583 2230 1649 2266 illa

123 2293 155 2326 Φ
178 2291 253 2327 illic
278 2291 319 2326 H
392 2292 476 2337 ego]
504 2302 545 2327 eo
572 2291 617 2326 H
638 2291 860 2326 hieronimus
886 2301 953 2336 ego
981 2295 994 2326 t
1067 2291 1130 2336 qui
1155 2301 1212 2326 me
1237 2290 1321 2325 KP
1389 2291 1491 2326 metu
1514 2290 1653 2334 KHJF

119 2352 226 2395 (corr.
250 2350 327 2396 m2)
353 2360 492 2385 mecum
522 2351 554 2385 Φ
651 2350 725 2385 tale
755 2351 788 2384 Φ
882 2360 940 2385 me
966 2361 1033 2385 om.
1060 2349 1145 2385 ΚΨ
1216 2349 1260 2385 10
1286 2349 1457 2385 desiderii
1482 2352 1507 2391 t,
1533 2359 1602 2385 om.
1626 2349 1650 2384 k

122 2411 162 2445 11
185 2420 249 2445 sua
267 2409 290 2444 k
310 2420 424 2454 paene
437 2409 481 2444 H
552 2409 669 2454 carne]
689 2409 725 2444 in
747 2420 851 2444 carne
865 2419 889 2454 ς
908 2409 1005 2444 carni
1023 2409 1185 2454 Φνη2η19.
1258 2410 1468 2453 promortua
1485 2408 1530 2443 H
1544 2419 1648 2455 prae-

120 2471 298 2505 mortuam
325 2470 446 2513 (corr.)
470 2468 509 2504 D
533 2472 800 2514 praemortuum
825 2480 850 2513 g
924 2469 967 2504 12
993 2468 1114 2503 omnia
1143 2469 1176 2503 Φ
1247 2468 1398 2504 consilio
1422 2467 1467 2503 H
1536 2468 1648 2503 desti-

119 2531 227 2564 natus
252 2531 267 2563 t
363 2519 435 2563 ihm
462 2527 555 2563 ΗΦι
606 2527 651 2563 13
677 2528 825 2563 crimine
851 2527 896 2562 H
945 2527 988 2562 14
1014 2527 1247 2564 ebdomarum
1278 2528 1310 2562 Φ
1382 2527 1588 2562 erubescam
1618 2527 1651 2561 Φ

121 2586 325 2633 depudesco
352 2586 432 2630 2,D
456 2586 517 2630 (de
543 2590 651 2632 πμ),
677 2587 833 2632 pudesco
858 2587 895 2621 B
967 2586 1032 2624 inf.
1058 2587 1175 2632 meae]
1204 2587 1291 2623 add.
1315 2586 1504 2622 historiam
1531 2587 1579 2628 (m
1606 2595 1650 2620 ex

119 2649 151 2690 s)
173 2650 187 2682 t
212 2645 375 2682 confiteri
399 2646 464 2682 inf.
491 2657 538 2681 m.
564 2646 745 2681 miseriam
764 2646 787 2681 k
811 2645 874 2681 inf.
899 2657 946 2682 m.
973 2646 1154 2682 miseriam
1181 2646 1343 2681 confiteri
1362 2658 1386 2691 g
1437 2646 1480 2680 15
1500 2644 1646 2690 plango]

121 2716 150 2741 s.
175 2706 199 2742 l.
225 2707 287 2741 m2
310 2706 349 2747 Σ,
378 2705 466 2741 add.
492 2716 547 2741 me
577 2705 632 2741 ΦΙσ
729 2705 773 2741 16
800 2706 977 2741 clamante
1010 2706 1046 2740 Ψ
1067 2705 1313 2740 lacrimantem
1343 2706 1375 2738 Φ
1485 2705 1526 2738 17
1554 2702 1649 2737 dom.

121 2765 207 2800 incr.
233 2764 308 2802 red.
333 2764 389 2800 Dc
413 2764 487 2800 red.
514 2764 610 2800 dom.
635 2764 723 2800 incr.
747 2775 772 2809 g
893 2764 937 2800 18
962 2764 1091 2810 ipsam]
1119 2765 1188 2799 iam
1216 2768 1229 2799 t
1373 2773 1488 2797 meam
1515 2772 1583 2797 om.
1608 2760 1652 2796 H

123 2823 405 2868 cogitationibus
431 2823 453 2858 k
