1884 3254
262 240 352 283 270
810 235 963 272 Sancti
988 235 1241 283 Hieronymi

265 367 444 409 minus:
472 367 738 420 propterea
762 363 934 413 omnis⁹
962 362 1045 416 qui
1072 360 1318 404 occiderit
1337 360 1470 410 Cain,
1498 361 1785 416 septempli-

265 437 392 479 citer
428 436 729 483 ulciscetu1·;
770 433 1064 487 Symmachus:
1099 434 1146 474 et
1177 431 1307 474 dixit
1337 431 1382 474 ei
1413 431 1660 475 dominus:
1693 445 1784 476 non

267 507 352 557 sic,
397 506 482 548 sed
525 505 698 555 omnis,
732 503 815 557 qui
865 502 1112 545 occiderit
1157 501 1288 552 Cain,
1340 502 1632 545 ebdomatos
1678 502 1786 544 siue

266 577 513 630 septimus
534 576 615 617 uin
627 574 901 623 dicabitur;
924 572 1202 627 Septuaginta
1222 574 1265 614 et
1284 572 1565 615 Theodotion:
1587 575 1636 615 et
1660 572 1787 615 dixit

267 647 308 688 ei
355 645 600 688 dominus:
647 644 870 694 nonssic‚
910 643 996 685 sed
1039 643 1212 696 omnis,
1255 643 1338 697 qui
1377 642 1623 686 occiderit
1653 642 1786 694 Cain,
1828 655 1847 684 5

268 719 458 771 septem
480 715 734 756 uindictas
756 714 997 756 exsoluat.
1017 715 1239 767 postquam
1256 712 1357 756 Cain
1378 713 1589 756 occiderat
1605 713 1788 765 fratrem,

265 787 547 841 interrogatus
581 798 604 826 a
642 784 828 827 domino:
866 784 948 826 ubi
989 786 1066 826 est
1101 784 1240 835 Abel,
1271 784 1424 826 frater
1459 783 1607 829 tuus?
1638 785 1788 826 contu-

267 857 442 899 meliose
467 855 756 911 responderat:
790 854 978 898 nescio:
1011 854 1250 909 numquid
1281 860 1455 897 custos
1488 854 1660 897 fratris
1692 854 1786 897 mei

268 929 400 969 sum?
415 940 539 980 quam
560 927 612 968 ob
626 939 714 968 rem
733 924 1028 968 maledictione
1048 925 1283 978 damnatus,
1295 927 1342 967 ut
1355 937 1525 981 gemens
1545 928 1588 967 et
1605 927 1789 968 tremens

268 998 434 1041 uiueret
469 1010 593 1051 super
628 999 793 1047 terram,
831 996 967 1038 noluit
1002 996 1170 1039 ueniam
1213 996 1439 1050 deprecari,
1484 996 1559 1038 sed
1600 996 1787 1050 peccatis
1811 1005 1848 1034 ιο

197 1098 200 1101 -
267 1071 440 1122 peccata
470 1067 766 1122 congeminans
797 1069 960 1109 tantum
994 1067 1163 1120 putauit
1193 1067 1324 1116 nefas,
1358 1066 1427 1108 cui
1459 1080 1483 1108 a
1513 1066 1681 1109 domino
1706 1078 1787 1108 non

267 1141 412 1192 posset
441 1138 615 1193 ignosci.
647 1138 825 1191 denique
855 1137 1073 1192 respondit
1102 1137 1155 1179 ad
1186 1137 1420 1180 dominum:
1453 1137 1608 1180 maior
1639 1149 1789 1180 causa

269 1222 383 1257 mea,
400 1221 541 1262 quam
562 1211 615 1250 ut
635 1208 987 1250 dimittar—id
1002 1210 1083 1250 est:
1098 1208 1207 1262 ‘plus
1222 1207 1410 1261 peccaui,
1429 1221 1555 1262 quam
1567 1210 1618 1251 ut
1630 1220 1790 1253 merear

269 1279 446 1322 absolui’
472 1303 540 1322 —.
567 1291 681 1321 ecce
707 1279 832 1322 eicis
859 1292 931 1321 me
956 1278 1104 1321 hodie
1131 1292 1155 1321 a
1178 1279 1310 1321 facie
1336 1281 1498 1321 terrae
1526 1281 1573 1320 et
1605 1291 1629 1320 a
1659 1277 1788 1320 facie

268 1353 354 1392 tua
384 1349 658 1392 abscondar
683 1352 732 1392 et
756 1362 836 1392 ero
864 1362 1066 1404 gemens
1094 1351 1143 1392 et
1167 1351 1382 1392 tremens
1411 1362 1560 1403 super
1584 1351 1785 1397 terram;
1813 1361 1849 1390 15

270 1422 316 1462 et
361 1420 475 1462 erit:
515 1420 685 1471 omnis,
722 1420 805 1479 qui
848 1420 1103 1473 inuenerit
1148 1433 1233 1471 me,
1267 1419 1467 1462 occidet
1498 1432 1586 1462 me.
1618 1418 1790 1470 ‘eicior‚’

268 1490 419 1544 inquit,
450 1494 488 1532 ‘a
519 1492 749 1545 conspectu
785 1492 860 1533 tuo
898 1493 941 1532 et
977 1491 1234 1533 conscientia
1271 1491 1441 1533 sceleris
1469 1490 1618 1533 'lucem
1654 1490 1790 1544 ipsam

271 1562 375 1603 ferre
418 1575 499 1604 non
549 1561 774 1603 sustinens.
806 1561 1049 1611 abscondar,
1094 1564 1142 1603 ut
1184 1561 1364 1611 latitem,
1408 1562 1589 1615 eritque:
1641 1561 1790 1611 omnis,

274 1632 345 1685 qui
381 1632 591 1674 inuenerit
627 1645 707 1682 me,
747 1632 911 1674 occidet
947 1645 1029 1682 me,
1068 1632 1167 1674 dum
1207 1645 1254 1674 ex
1297 1635 1476 1674 tremore
1521 1631 1706 1685 corporis
1750 1633 1793 1673 et

271 1702 447 1745 furiatae
498 1702 651 1761 mentis
690 1703 852 1757 agitatu
905 1715 1001 1744 eum
1053 1715 1144 1745 esse
1188 1703 1413 1759 intellegit,
1465 1702 1538 1757 qui
1579 1704 1792 1744 mereatur
1814 1713 1851 1742 20

388 1873 420 1908 2.
441 1873 464 1907 4
485 1871 598 1908 *Gem
617 1873 650 1915 4,
674 1874 715 1908 15
778 1873 798 1909 7
825 1872 938 1909 *Gem
962 1874 996 1919 4,
1024 1873 1044 1907 9
1109 1874 1152 1908 12
1180 1873 1291 1909 *Gen.
1317 1874 1353 1918 4,
1380 1875 1424 1909 13
1489 1875 1533 1910 14
1560 1874 1668 1910 *Gen
1688 1875 1721 1916 4,
1745 1875 1792 1909 14
1860 1845 1863 1847 ·

320 1989 337 2023 1
367 1989 499 2034 propt.]
528 1989 712 2035 proplema
737 1996 769 2025 m
867 1989 1047 2025 occideret
1071 2001 1096 2034 g
1174 1990 1196 2024 2
1221 1990 1407 2025 ulciscitur
1433 1996 1490 2036 inq
1516 1990 1747 2026 ulcisceretur
1770 2001 1794 2035 ς

270 2047 459 2093 symachus
484 2044 520 2082 A
546 2047 726 2082 simachus
751 2047 826 2084 mD
851 2048 1041 2083 simmacus
1066 2048 1123 2083 Β.
1235 2047 1325 2083 dicit
1350 2054 1406 2093 tuq
1538 2059 1611 2083 non
1635 2048 1688 2083 sic
1712 2048 1790 2093 sed]

271 2110 463 2152 propterea
488 2117 509 2152 q
535 2107 720 2152 proplema
744 2107 823 2150 (sic)
851 2113 897 2151 m,
922 2117 989 2142 om.
1010 2107 1044 2142 Ω
1114 2107 1136 2142 3
1161 2106 1399 2142 hebdomatos
1433 2106 1599 2142 Vanam·
1623 2107 1793 2142 ebdoma-

272 2168 329 2200 tas
354 2175 376 2210 q
402 2165 619 2200 ebdomadas
644 2170 708 2201 cet.
781 2165 871 2211 siue]
899 2168 963 2200 aut
988 2165 1078 2211 thq
1127 2166 1151 2201 4
1175 2166 1391 2202 theodocion
1418 2173 1451 2202 m
1477 2166 1664 2201 theodotio
1683 2166 1794 2202 ‚QAD

271 2224 437 2259 teodocio
463 2224 500 2258 Β
619 2223 710 2259 dicit
733 2230 791 2270 inq
895 2227 916 2260 5
942 2225 975 2260 ei
1001 2224 1109 2270 dom]
1135 2225 1230 2260 dom.
1255 2225 1343 2260 deus
1369 2226 1402 2260 ei
1426 2226 1460 2261 Ω
1579 2225 1642 2260 sed
1667 2235 1735 2261 om.
1761 2224 1795 2260 Ω

272 2293 395 2317 omnes
422 2288 454 2318 m
546 2284 568 2318 6
593 2283 629 2318 in
656 2285 793 2329 septem
820 2290 853 2320 m
968 2283 1150 2329 ex(s)oluit
1175 2284 1251 2319 AD
1369 2285 1573 2330 postquam]
1600 2285 1683 2330 post
1708 2287 1793 2328 (aeq.

273 2351 347 2376 raa.
374 2344 399 2376 2
425 2342 510 2386 litt.)
536 2353 557 2387 q
582 2353 645 2387 pro
673 2348 705 2378 m
803 2354 876 2378 occ.
903 2354 990 2389 cayn
1010 2343 1047 2377 Β
1072 2343 1149 2378 cain
1178 2343 1240 2389 qui
1265 2354 1338 2379 occ.
1365 2349 1422 2389 mq
1519 2343 1679 2390 fratrem]
1705 2343 1793 2380 add.

275 2401 312 2434 et
335 2400 371 2434 B
456 2400 475 2434 7
504 2400 611 2448 dom]
639 2401 725 2437 add.
751 2403 808 2436 est
831 2402 908 2437 AD
1015 2402 1123 2448 cont.]
1150 2402 1263 2437 tumel
1287 2403 1363 2437 iose
1390 2409 1422 2439 m
1516 2403 1538 2439 8
1560 2401 1748 2448 respondit
1769 2414 1794 2448 g

274 2461 395 2492 custus
421 2465 454 2495 m
575 2459 596 2494 9
623 2461 744 2506 quam]
772 2471 949 2507 quemque
977 2467 1008 2497 tn
1142 2460 1203 2508 ob]
1230 2461 1291 2496 obl
1315 2462 1355 2496 D
1475 2462 1519 2497 12
1544 2462 1660 2507 possit
1684 2461 1794 2497 ΩΑΙ)

273 2517 422 2561 agnosci
449 2523 506 2563 ευρ
532 2517 558 2561 (i
584 2529 627 2553 ea:
652 2520 684 2562 e)
816 2519 863 2554 ad
888 2519 995 2565 dorm]
1023 2519 1166 2555 domino
1193 2520 1269 2555 AD
1401 2531 1509 2555 causa
1533 2531 1613 2555 mea
1637 2523 1694 2556 est
1717 2521 1794 2555 AD

274 2577 332 2609 est
356 2575 530 2620 iniquitas
555 2588 635 2611 mea
658 2578 694 2612 Β
719 2589 798 2613 mea
824 2589 931 2614 cansa
957 2582 1012 2614 est
1035 2590 1061 2624 ς
1183 2579 1226 2614 13
1253 2579 1372 2625 quam]
1401 2590 1468 2625 que
1496 2585 1528 2615 m
1662 2579 1792 2614 demit-

274 2635 374 2668 tatur
399 2640 456 2680 mq
579 2638 700 2682 quam]
728 2648 796 2682 que
823 2643 855 2673 m
948 2638 993 2673 14
1017 2638 1124 2673 hodie
1152 2638 1236 2674 eicis
1261 2649 1318 2673 me
1342 2639 1379 2673 Β
1500 2639 1581 2673 odie
1600 2645 1645 2680 m,
1671 2649 1740 2674 mn.
1761 2638 1795 2673 Ω

277 2693 320 2727 16
346 2693 479 2728 occidit
500 2695 590 2739 qu
687 2696 795 2730 eiciar
814 2707 835 2742 q
888 2698 928 2731 17
957 2697 1199 2732 consciencias
1222 2704 1253 2734 tn
1307 2697 1349 2733 18
1376 2700 1417 2732 ut
1434 2698 1472 2733 D
1498 2700 1535 2733 et
1559 2700 1622 2734 cet.
1674 2698 1718 2734 19
1731 2709 1793 2743 pr.

273 2762 332 2786 me
356 2763 382 2789 s.
411 2752 433 2787 Ζ.
460 2763 482 2798 q
561 2753 695 2788 occidit
719 2756 753 2790 Ω
831 2755 929 2801 dum]
954 2755 1084 2791 nedum
1111 2766 1132 2801 q
1157 2767 1224 2791 nec
1249 2759 1281 2799 (c
1306 2767 1379 2792 ras.
1405 2767 1450 2792 ex
1475 2756 1511 2800 d)
1538 2762 1570 2793 m
1643 2756 1690 2791 20
1715 2757 1794 2802 agi-

275 2812 354 2844 tatu
381 2817 412 2846 m
441 2812 615 2856 agitatum
643 2813 715 2848 ΩΙ)
811 2814 903 2859 eum]
929 2825 1046 2849 meum
1073 2825 1093 2860 q
1120 2826 1157 2850 se
1182 2817 1216 2851 Ω
