1884 3254
16 1127 86 1163 ,ιο

52 1506 88 1534 15

504 261 714 308 Epistula
738 261 908 297 XXXVII
933 262 1192 297 2—XXXVIII
1220 262 1237 297 1
1546 267 1632 308 289

106 391 232 434 batur
251 393 294 435 ct
311 390 433 434 talis
458 387 746 442 fornicatio,
767 391 934 446 qualis
959 403 1048 433 nec
1066 390 1198 433 inter
1217 394 1393 446 gentes
1421 392 1634 446 quidem,

106 463 216 505 lacte
247 464 491 518 pascuntur,
524 461 623 516 quia
648 461 827 504 necdum
858 464 1054 517 poterant
1085 461 1269 505 solidum
1300 463 1440 505 cibum
1474 475 1634 517 capere.

106 533 281 588 Ephesii
305 535 459 587 autem,
482 533 525 575 in
558 533 712 588 quibus
738 533 904 575 nullum
930 533 1086 576 crimen
1113 533 1318 590 arguitur,
1344 534 1437 589 ipso
1465 534 1634 576 domino
1672 531 1697 566 2

108 604 280 647 caelesti
298 606 530 647 uescuntur
547 616 652 658 pane
678 606 721 646 et
741 606 1064 656 sacramentum,
1087 604 1198 659 quod
1218 617 1242 647 a
1260 605 1443 648 saeculis
1463 605 1636 648 abscon-

109 675 245 717 ditum
264 676 414 726 fuerat,
435 677 682 730 agnoscunt.
704 687 840 729 neque
860 687 959 717 uero
981 688 1139 727 eorum,
1161 675 1232 730 qui
1251 688 1275 718 a
1294 689 1361 718 me
1387 676 1639 731 exemplaria

109 747 374 800 acceperunt,
400 747 473 788 uel
497 746 750 789 auctoritate
781 746 852 789 uel
883 748 1022 789 aetate
1054 747 1236 800 ducaris,
1262 759 1358 789 cum
1391 750 1433 790 et
1456 747 1638 789 Danihel

110 831 231 860 senes
263 817 424 860 iudicet
455 819 498 860 et
527 816 674 869 AmOS,
707 819 853 872 pastor
884 829 1117 872 caprarum,
1149 818 1191 859 in
1231 817 1496 860 sacerdotum
1527 818 1638 872 prin-

111 889 226 944 cipes
258 888 498 932 inuehatur.

757 1016 991 1059 XXXVIII.

638 1112 714 1154 AD
746 1107 1109 1155 MARCELLAM.

174 1207 209 1247 1.
241 1206 451 1248 Abraham
490 1208 725 1260 temptatur
760 1207 803 1248 in
834 1206 921 1250 filio
955 1209 997 1249 et
1027 1207 1191 1250 fidelior
1221 1207 1452 1257 inuenitur3
1484 1207 1638 1261 Ioseph

110 1277 152 1319 in
191 1278 384 1332 Aegypto
422 1277 632 1329 uenditur,
671 1279 720 1319 ut
756 1279 919 1332 patrem
962 1280 1108 1332 pascat
1152 1281 1194 1320 et
1229 1279 1396 1328 fratres3
1435 1278 1639 1320 Ezechias

111 1347 251 1390 uicina
274 1349 408 1390 morte
434 1350 627 1398 terretur,
661 1351 710 1390 ut
734 1348 855 1390 fusus
882 1348 923 1390 in
949 1348 1146 1391 lacrimas
1173 1348 1413 1403 quindecim
1439 1361 1640 1391 annorum

111 1419 249 1473 spatio
281 1419 514 1474 proteletur
545 1419 597 1461 ad
627 1419 778 1470 uitam3
809 1420 960 1463 Petrus
998 1421 1218 1474 apostolus
1252 1420 1410 1462 domini
1445 1420 1641 1475 passione

113 1490 364 1541 concutitur,
392 1493 442 1533 ut
465 1503 603 1532 amare
632 1490 924 1533 flens-audiat:
955 1503 1102 1544 pasce
1136 1504 1254 1533 oues
1288 1503 1439 1542 meas;
1466 1491 1640 1543 Paulus,

233 1618 249 1653 1
278 1618 316 1653 *Ι
342 1617 421 1653 Cor.
447 1619 479 1663 5,
502 1618 519 1653 1
572 1618 593 1652 2
614 1617 659 1652 cf.
678 1617 696 1652 I
717 1617 796 1654 Cor.
823 1617 856 1662 3,
882 1617 914 1654 2.
941 1617 1051 1652 Hebr.
1078 1618 1110 1663 5,
1138 1618 1193 1653 12.
1222 1618 1267 1653 14
1321 1618 1344 1653 4
1371 1618 1415 1654 cf.
1440 1618 1535 1664 Eph.
1561 1619 1594 1664 3,
1621 1619 1642 1653 9

113 1678 134 1712 6
162 1678 206 1712 cf.
233 1678 326 1713 Dan.
356 1679 412 1721 13,
437 1678 484 1713 45
510 1688 588 1723 sqq.
728 1679 748 1712 7
775 1677 819 1713 cf.
845 1678 923 1712 Am.
952 1679 984 1722 7,
1012 1678 1150 1713 10—17
1286 1678 1327 1713 11
1357 1678 1401 1714 cf.
1427 1677 1516 1714 Gen.
1542 1690 1571 1713 c.
1597 1678 1644 1713 22

114 1736 158 1772 cf.
186 1736 273 1772 Gen.
301 1737 358 1777 37,
385 1736 525 1772 25-28
648 1736 692 1772 cf.
721 1735 809 1772 Gen.
827 1738 887 1782 45,
907 1737 1021 1772 5—11
1136 1738 1178 1772 12
1205 1737 1250 1772 cf.
1269 1737 1321 1772 IV
1339 1737 1428 1783 Reg.
1447 1738 1506 1782 20,
1528 1731 1642 1772 1—11'

116 1797 158 1830 14
180 1796 224 1831 cf.
242 1796 374 1831 Matth.
394 1796 453 1840 26,
472 1796 614 1831 69-75
634 1798 702 1831 etc.
772 1796 815 1831 15
840 1795 918 1831 Ioh.
944 1796 1002 1841 21,
1031 1796 1072 1831 17

166 1880 182 1914 1
206 1882 242 1914 et
261 1880 345 1915 talis
365 1879 471 1925 forn.]
494 1882 530 1914 et
549 1879 634 1915 talis
655 1891 683 1925 c,
703 1890 771 1915 om.
791 1891 816 1924 g
889 1879 1033 1925 quidam
1054 1879 1135 1922 QAe
1158 1880 1275 1916 adhuc
1294 1879 1440 1925 quidem
1460 1890 1513 1925 ac,
1534 1890 1600 1915 om.
1620 1891 1645 1925 ς

116 1938 137 1972 2
162 1939 404 1984 pascebantur
428 1939 459 1972 A
559 1938 626 1974 cib.
653 1939 717 1976 sol.
743 1940 780 1974 Β
853 1940 874 1974 3
900 1939 994 1984 ipso]
1021 1939 1065 1974 ab
1091 1940 1168 1985 ipso
1194 1939 1341 1984 Bp.c.ac
1413 1939 1437 1974 4
1464 1949 1485 1973 a
1509 1949 1575 1974 om.
1603 1949 1644 1975 uc

117 1999 148 2033 5-
166 1998 346 2045 exemplar
370 1999 448 2035 Ba'c
510 1998 532 2034 6
559 2002 773 2044 acceperant
797 1999 875 2034 KB
959 1998 1107 2034 danihel
1132 1999 1182 2034 Ac
1210 1999 1330 2034 daniel
1356 2001 1419 2034 cet.
1481 2000 1500 2034 7
1528 1999 1644 2044 senes]

117 2069 208 2103 puer
232 2070 334 2094 senes
359 2059 438 2094 Bac
465 2069 572 2094 senex
597 2058 719 2105 (corr.)
751 2058 782 2100 Q
876 2058 1026 2104 iudicet]
1054 2057 1227 2094 uidelicet
1250 2058 1281 2093 Λ
1381 2059 1402 2093 8
1428 2058 1647 2093 inuehantur

119 2118 172 2161 A;
197 2118 283 2155 add.
311 2118 456 2164 explicit
481 2117 526 2154 ad
552 2118 756 2154 marcellam
785 2118 828 2153 de
854 2117 988 2153 tharsis
1014 2117 1058 2152 K

263 2224 297 2258 L
331 2240 376 2254 =
405 2223 634 2259 Colonieneis
662 2226 714 2259 35
738 2235 764 2259 s.
790 2223 857 2260 IX.

265 2284 303 2319 H
331 2299 376 2314 ε
407 2283 616 2319 Turicensis
640 2284 838 2330 Aaeoyiensis
865 2285 918 2318 49
942 2295 969 2319 s.
996 2284 1065 2319 IX.

261 2344 300 2378 Ι)
334 2360 378 2374 =
410 2343 619 2379 Vaticanus
645 2344 708 2378 lat.
739 2342 876 2389 355—1—
894 2345 975 2379 356
999 2355 1026 2379 s.
1053 2343 1208 2378 IX—X.

263 2401 307 2436 N
334 2418 378 2432 =
408 2402 620 2438 Caeinensis
647 2404 728 2438 295
752 2414 780 2438 s.
807 2403 855 2437 X.

265 2462 299 2495 B
333 2478 378 2492 =
403 2462 658 2498 Berolinensis
682 2462 748 2497 lat.
774 2464 822 2496 18
845 2473 874 2499 8.
901 2462 988 2497 XII.

172 2568 216 2602 10
243 2567 287 2602 ad
311 2567 516 2602 marcellam
542 2566 577 2601 L
609 2566 655 2602 ad
686 2567 892 2602 marcellam
927 2566 1029 2610 (add.
1063 2578 1107 2602 ne
1134 2547 1372 2602 contristetur
1396 2565 1449 2610 D)
1476 2564 1518 2599 de
1547 2574 1650 2608 egro-

122 2628 261 2661 tatione
298 2626 462 2661 blesillae
495 2625 570 2661 HD
606 2626 650 2660 ad
681 2626 887 2662 marcellam
921 2626 964 2661 de
997 2625 1207 2661 infirmitate
1241 2625 1398 2670 corporis
1434 2622 1575 2658 blesille
1615 2623 1651 2656 et

125 2685 251 2720 salutis
281 2685 325 2720 N
358 2684 403 2719 ad
439 2685 642 2720 marcellam
676 2685 719 2720 de
752 2686 984 2721 conuersione
1017 2687 1122 2728 (corr.
1154 2685 1196 2719 in
1228 2684 1427 2729 egrotatioe
1462 2681 1539 2727 [sic]
1572 2682 1650 2724 m2)

46 2770 49 2773 r
124 2744 289 2779 blesillae
307 2744 361 2784 B,·
388 2743 608 2788 Hieronymi
632 2754 763 2780 nomen
789 2745 957 2780 exhibent
983 2744 1084 2780 tituli
1107 2744 1148 2779 in
1166 2743 1283 2778 LIIN
1352 2743 1395 2777 12
1421 2742 1591 2787 egyptum
1610 2738 1650 2774 D

128 2803 171 2838 13
197 2803 353 2839 lacrimis
378 2803 415 2838 Β
479 2820 483 2825 «
504 2804 549 2838 14
574 2803 733 2848 spatium
757 2803 798 2838 D
822 2804 978 2850 spatium
1008 2804 1040 2838 ei
1065 2814 1090 2848 ς
1176 2803 1218 2837 15
1246 2804 1286 2836 ut
1311 2801 1393 2846 am]
1421 2802 1457 2835 et
1483 2798 1652 2834 amariter

126 2862 201 2897 NB
299 2862 401 2897 audit
425 2862 501 2897 NB

165 2945 242 2971 LIV.
265 2943 391 2971 Hieron.
410 2943 510 2978 Epist.
531 2944 546 2969 I
1560 2928 1604 2964 19
