1884 3254
274 206 359 246 224
812 203 967 239 Sancti
993 202 1247 247 Hieronymi

274 332 391 374 culos
423 331 527 373 mihi
560 331 750 373 studiose
776 330 1006 380 detrahere,
1034 319 1110 371 cur
1132 329 1334 370 aduersus
1361 329 1654 372 auctoritatem
1680 332 1793 372 uete-

274 415 366 444 rum
400 404 442 444 et
471 402 605 443 totius
637 400 784 442 mundi
810 400 1048 454 opinionem
1081 399 1222 453 aliqua
1246 399 1287 440 in
1314 399 1547 454 euangeliis
1572 400 1791 442 emendare

216 481 237 514 ‘2
274 472 582 526 temptauerim.
626 483 730 525 quos
781 483 858 525 ego
909 483 1004 511 cum
1048 470 1208 524 possim
1253 482 1346 512 meo
1389 470 1480 512 iure
1531 474 1794 513 contemnere

275 567 331 573 -
345 544 460 584 asino
475 542 629 596 quippe
643 542 733 595 lyra
747 541 956 595 superflue
970 541 1083 582 cauit
1094 564 1165 591 .—,
1176 542 1330 590 tamen,
1342 532 1394 582 ne
1408 553 1482 583 nos
1497 542 1730 595 superbiae,
1745 547 1796 584 ut

274 613 408 655 facere
441 612 590 663 solent,
618 613 808 666 arguant,
834 611 893 653 ita
923 623 1172 665 responsum
1205 611 1399 662 habeant,
1425 624 1505 653 non
1537 608 1640 654 adeo
1670 611 1793 654 hebe-
1836 625 1857 652 ὁ

273 684 328 725 tis
347 683 479 725 fuisse
498 695 565 724 me
581 682 718 725 cordis
738 684 885 724 ettam
905 693 1069 724 crassae
1089 682 1339 724 rusticitatis
1359 706 1416 712 -
1436 694 1561 735 quam
1578 682 1641 724 illi
1661 683 1793 726 solam

275 766 347 808 pro
392 753 614 795 sanctitate
655 753 811 794 habent
859 752 1117 806 piscatorum
1167 764 1213 794 se
1263 752 1495 806 discipulos
1544 753 1797 805 adserentes,

277 824 396 878 quasi
420 823 576 866 idcirco
604 824 706 865 iusti
733 824 828 876 sint,
854 823 888 865 si
914 823 1021 864 nihil
1047 823 1229 874 scierint,
1251 847 1306 853 —-
1327 826 1376 864 ut
1401 823 1561 878 aliquid
1586 823 1636 866 de
1662 823 1795 866 domi-

276 894 381 937 nicis
401 895 543 936 uerbis
564 896 638 936 aut
663 894 955 948 corrigendum
981 893 1219 947 putauerim
1246 895 1320 935 aut
1344 906 1424 935 non
1443 893 1648 936 diuinitus
1667 894 1796 948 inspi-

277 967 427 1015 ratum,
455 965 528 1006 sed
553 965 795 1006 Latinorum
817 964 1009 1006 codicum
1035 964 1331 1014 uitiositatem,
1359 977 1464 1018 quae
1484 977 1530 1006 ex
1550 964 1796 1006 diuersitate
1820 975 1860 1004 10

278 1035 478 1078 librorum
512 1035 697 1076 omnium
723 1035 1015 1088 conprobatur,
1048 1034 1100 1076 ad
1133 1033 1334 1077 Graecam
1367 1035 1583 1090 originem,
1614 1034 1724 1076 unde
1755 1038 1799 1077 et

219 1115 239 1148 3
276 1106 359 1159 ipsi
378 1107 580 1147 translata
598 1119 679 1147 non
700 1105 917 1161 denegant,
939 1105 1128 1148 uoluisse
1147 1118 1356 1148 reuocare.
1370 1106 1523 1160 quibus
1546 1106 1581 1148 si
1601 1105 1799 1160 displicet
1866 1094 1869 1097 ’

277 1175 404 1218 fontis
424 1176 537 1217 unda
555 1175 784 1230 purissimi,
800 1188 999 1218 caenosos
1019 1175 1179 1218 riuulos
1200 1175 1347 1217 bibant
1366 1177 1408 1218 et
1427 1175 1701 1231 diligentiam,
1716 1189 1798 1231 qua
1867 1172 1873 1230 '1

279 1246 418 1288 auium
443 1246 599 1288 salinas
621 1247 663 1288 et
683 1259 903 1288 concarum
919 1246 1111 1301 gurgites
1131 1247 1295 1296 norunt,
1309 1246 1356 1287 in·
1372 1246 1589 1300 scripturis
1607 1245 1797 1302 legendis

279 1317 462 1359 abiciant
499 1317 665 1371 sintque
701 1317 742 1358 in
776 1318 854 1359 hac
891 1320 1054 1359 tantum
1088 1330 1130 1359 re
1163 1317 1376 1371 simplices
1409 1319 1451 1359 et
1483 1317 1639 1360 Christi
1669 1317 1799 1359 uerba
1822 1329 1859 1358 1⁶

280 1388 504 1430 aestiment
534 1388 757 1438 rusticana,
785 1388 827 1429 in
860 1388 1014 1442 quibus
1045 1400 1118 1442 per
1143 1390 1259 1430 tanta
1282 1389 1366 1429 iarn
1394 1379 1562 1430 saecula
1585 1389 1798 1430 tantorum

227 1492 230 1494 .
279 1458 445 1512 ingenia
483 1458 754 1509 sudauerunt,
797 1460 847 1499 ut
888 1458 1092 1500 rationem
1137 1459 1254 1500 uerbi
1292 1459 1624 1512 uniuscuiusque
1661 1457 1799 1514 magis

282 1528 439 1582 opinati
471 1528 566 1579 siut,
599 1541 724 1581 quam
755 1529 1052 1582 expresserint3
1087 1529 1325 1582 apostolum
1358 1531 1534 1584 arguant
1563 1528 1796 1583 inperitiae,

282 1598 353 1653 qui
386 1598 438 1640 ob
469 1599 626 1640 multas
659 1598 822 1640 litteras
854 1598 1034 1640 insanire
1067 1598 1242 1653 dicatur.

340 1670 380 1711 2.
432 1669 528 1711 Scio
577 1671 634 1719 te,
679 1681 771 1710 cum
823 1669 908 1710 ista
955 1669 1123 1723 legeris,
1173 1682 1322 1725 rugare
1370 1670 1548 1712 frontem
1594 1672 1636 1712 et
1677 1669 1799 1712 liber·
1823 1679 1865 1722 a)

281 1741 411 1782 tatem
443 1753 610 1782 rursum
650 1740 919 1782 seminarium
957 1739 1107 1782 timere
1144 1740 1323 1782 rixarum
1361 1753 1409 1782 ac
1452 1753 1607 1792 meum,
1644 1741 1681 1783 si
1710 1740 1802 1783 fieri

380 1832 422 1867 19
449 1831 494 1867 cf.
519 1832 598 1867 Act.
625 1832 682 1873 26,
708 1832 754 1867 24

332 1903 348 1937 1
378 1902 538 1937 studiose
565 1913 632 1937 om.
662 1902 692 1948 Q
787 1902 976 1937 aduersum
1002 1902 1151 1937 ALIID
1246 1904 1404 1937 ueterem
1430 1903 1476 1938 N
1560 1903 1582 1938 2
1608 1905 1646 1938 et
1669 1913 1738 1940 om.
1763 1902 1808 1938 N

285 1961 407 2005 aliqua
430 1961 466 1995 A
493 1961 615 2006 aliqua
641 1963 678 1995 et
701 1961 737 1994 Β
829 1962 851 1996 3
878 1972 957 1996 cum
984 1972 1050 1996 om.
1077 1962 1113 1995 B
1222 1973 1367 2007 possum
1393 1961 1429 1995 B
1449 1972 1589 2008 possem
1615 1961 1808 1997 ALIIDN

283 2020 306 2054 4
332 2020 432 2054 asina
455 2020 499 2054 N
566 2019 634 2054 lira
657 2019 806 2065 AJIDQ
878 2022 899 2056 5
925 2023 966 2055 ut
991 2032 1061 2055 non
1086 2020 1130 2055 K
1150 2038 1188 2053 με
1214 2031 1286 2055 non
1314 2019 1345 2066 Q
1424 2020 1528 2066 adeo]
1556 2020 1602 2055 ad
1628 2031 1708 2055 eum
1733 2021 1804 2064 (me

284 2081 357 2113 tam
383 2081 458 2122 m2)
477 2079 512 2113 A
533 2078 646 2113 audeo
666 2079 701 2113 L
727 2078 815 2113 adeo
837 2091 878 2114 eo
904 2079 1002 2124 (del.)
1020 2079 1065 2114 N
1110 2086 1188 2114 *me
1213 2078 1295 2114 heb.
1314 2079 1425 2114 fuisse
1442 2090 1468 2124 ς
1539 2078 1682 2114 habetis
1700 2077 1810 2124 AQB
1831 2116 1837 2122 ,

285 2138 406 2180 (corr.)
432 2137 572 2172 abeatis
598 2137 633 2171 L
740 2139 761 2173 6
786 2137 935 2173 fuissem
960 2138 1124 2173 uecordis
1148 2138 1193 2174 K
1309 2149 1365 2173 me
1390 2148 1459 2173 om.
1482 2137 1595 2183 ADQ
1711 2136 1803 2182 tam]

285 2198 422 2230 tantam
449 2197 488 2231 N
573 2197 592 2230 7
621 2196 805 2242 discipulis
831 2196 875 2231 K
943 2197 965 2232 8
990 2197 1106 2232 sancti
1129 2208 1154 2242 ς
1249 2197 1412 2242 scierint]
1438 2196 1616 2232 sasierunt
1638 2196 1806 2242 (fecerint

286 2256 359 2297 m2)
385 2255 420 2288 A
516 2256 571 2299 ut]
598 2266 626 2290 s.
653 2255 676 2290 l.
701 2258 763 2290 ΜΕ
787 2255 823 2289 Β
844 2257 908 2290 aut
931 2255 1012 2290 ΚΠ
1034 2257 1072 2290 et
1095 2256 1172 2291 AD
1267 2255 1397 2302 aliquis
1421 2255 1466 2291 N
1550 2256 1571 2290 9
1596 2255 1808 2301 putauerint

287 2312 362 2346 KL
387 2313 496 2348 -imus
523 2313 632 2359 ADQ
727 2314 772 2348 10
799 2314 1051 2359 uit(c)iositate
1076 2314 1230 2350 KHDA
1344 2315 1399 2360 ex]
1425 2314 1459 2349 ei
1482 2314 1525 2349 N
1618 2313 1662 2349 12
1686 2315 1805 2348 trans·

287 2371 395 2405 latam
410 2371 494 2406 KN
508 2375 581 2406 -tos
601 2371 631 2413 Q
707 2374 843 2417 negant
861 2372 1035 2408 Ka.c.m2
1107 2373 1177 2408 uol.
1198 2384 1235 2408 se
1249 2372 1288 2408 11
1351 2372 1551 2419 displiciret
1569 2371 1613 2407 K
1659 2373 1702 2407 13
1722 2372 1809 2417 quia

290 2430 316 2472 (i
342 2431 435 2473 ezr-p.)
462 2431 496 2464 A
524 2435 594 2475 qua
618 2430 661 2464 N
730 2431 774 2465 14
799 2431 933 2465 saluias
959 2433 995 2466 A
1020 2431 1130 2467 siluas
1150 2430 1186 2466 B
1278 2443 1469 2477 congarum
1494 2430 1600 2466 La.c.
1625 2436 1755 2466 cucaru
1776 2429 1809 2472 Q

290 2488 499 2522 concharum
525 2500 550 2533 g
623 2490 666 2523 15
692 2489 852 2524 adiciant
874 2501 898 2534 ς
993 2491 1029 2525 in
1056 2491 1122 2526 hac
1147 2502 1175 2528 8.
1203 2491 1225 2526 l.
1251 2491 1295 2526 Κ
1387 2502 1424 2525 re
1450 2493 1542 2525 tant.
1561 2489 1598 2524 Β
1689 2489 1739 2535 et]
1765 2490 1808 2524 ut

288 2548 328 2581 et
346 2547 387 2581 N
409 2549 449 2581 ut
465 2558 490 2592 ς
540 2549 582 2582 16
604 2548 808 2582 existiment
827 2548 936 2583 LDA
1009 2550 1044 2583 in
1073 2550 1218 2595 quibus]
1247 2549 1375 2594 quibus
1394 2549 1430 2583 B
1451 2549 1481 2584 si
1507 2549 1587 2594 quis
1606 2547 1651 2583 K
1671 2547 1702 2583 si
1726 2547 1808 2593 qui·

292 2605 370 2640 dem
401 2605 433 2647 Q
529 2606 570 2640 17
598 2606 808 2642 sudauerint
833 2607 905 2641 ΠΒ
1008 2609 1063 2653 ut]
1091 2609 1143 2643 ita
1169 2611 1210 2643 ut
1233 2608 1312 2650 KQ
1335 2610 1372 2643 et
1395 2606 1440 2643 N
1531 2608 1575 2643 18
1599 2607 1748 2653 opinata
1775 2605 1810 2648 Q

291 2668 376 2698 sunt
399 2664 477 2699 LN
569 2667 685 2710 apost.
712 2675 795 2709 ergo
827 2665 858 2706 Q
928 2667 974 2701 20
999 2667 1091 2701 scito
1117 2667 1160 2702 K
1181 2669 1212 2712 (t
1236 2669 1344 2711 exp),
1369 2666 1405 2700 Β
1496 2667 1550 2701 ita
1574 2664 1688 2700 ΑΗΒ
1769 2667 1808 2699 et
1850 2656 1859 2714 J

291 2723 352 2757 lib.
377 2733 446 2760 om,
469 2723 514 2758 N
639 2723 808 2759 libertate
834 2725 1024 2769 HD‚Qp.c.
1048 2725 1254 2761 libertatem
1277 2737 1393 2761 meam
1416 2735 1442 2770 ς
1559 2725 1602 2760 21
1629 2734 1751 2760 rursus
1775 2721 1813 2758 Β
1855 2720 1860 2724 ”

294 2782 507 2817 seminarum
533 2782 750 2827 Aa.c.m2‚L
845 2786 978 2818 temere
1010 2783 1107 2825 Qa.c.
1134 2785 1260 2819 timore
1286 2783 1327 2819 N
1421 2784 1475 2829 ac]
1503 2785 1540 2818 et
1563 2783 1608 2818 N
