1940 3260
269 304 352 345 700
814 298 966 334 Sancti
990 296 1246 343 Hieronymi

264 442 342 473 nos
374 429 424 471 ab
457 429 518 471 eis
545 427 695 479 omnia,
723 439 828 482 quae
853 428 953 482 post
978 425 1239 481 baptismum
1263 427 1485 480 praecepta
1511 427 1623 476 sunt,
1654 425 1794 480 requi·

262 512 418 542 ramus.
450 500 727 553 praetereunt,
760 497 874 552 quod
904 493 1133 548 nonlicet,
1172 497 1214 538 et
1245 495 1447 548 obiciunt,
1480 494 1591 550 quod
1622 507 1790 539 conces·

267 583 361 612 sum
394 572 469 612 est.

966 716 1090 759 LXX.

454 811 530 855 AD
562 810 827 864 MAGNUM,
860 809 1168 854 ORATOREM
1197 808 1366 853 URBIS
1397 808 1606 853 ROMAE.
1829 823 1854 854 ὁ
1892 806 1900 817 ’

327 908 363 950 1.
415 905 638 949 Sebesium
687 907 877 948 nostrum
927 904 1015 948 tuis
1069 904 1239 947 monitis
1289 903 1518 959 profecisse
1573 917 1655 948 non
1703 906 1792 948 tam

262 978 446 1033 epistula
476 979 551 1020 tua
582 989 707 1032 quam
738 976 874 1031 ipsius
906 975 1174 1031 paenitudine
1208 975 1446 1018 didicimus,
1486 977 1528 1018 et
1562 974 1717 1020 mirum
1746 975 1791 1018 in

262 1048 435 1091 modum
466 1047 562 1102 plus
595 1048 807 1090 correctus
838 1046 1012 1102 placuit,
1045 1059 1172 1101 quam
1204 1058 1343 1088 errans
1374 1045 1566 1090 laeserat.
1606 1049 1792 1089 certaue-

262 1121 361 1161 runt
403 1118 511 1161 inter
552 1130 598 1161 se
639 1117 902 1173 indulgentia
943 1116 1128 1172 parentis
1166 1117 1209 1160 et
1243 1115 1320 1158 filii
1355 1116 1504 1171 pietas,
1548 1115 1647 1159 dum
1685 1117 1792 1160 alter
1904 1159 1906 1163 .

263 1189 584 1244 praeteritorum
627 1201 710 1231 non
743 1188 954 1238 meminit,
998 1188 1105 1230 alter
1140 1187 1182 1229 in
1218 1187 1410 1230 futurum
1447 1199 1615 1243 quoque
1652 1186 1791 1231 officia
1812 1198 1857 1228 ιο

262 1259 500 1314 pollicetur.
537 1258 647 1301 unde
680 1260 723 1301 et
753 1260 902 1301 mutuo
934 1258 1054 1301 nobis
1085 1258 1248 1312 tibique
1280 1257 1550 1314 gaudendum
1581 1259 1660 1310 est,
1692 1257 1792 1312 quia
1892 1252 1899 1257 ”

267 1343 342 1373 nos
372 1329 509 1372 filium
538 1329 788 1384 recepimus,
819 1332 867 1372 tu
899 1328 1155 1384 discipulum
1186 1328 1467 1384 eonprobasti.

326 1401 367 1442 2.
401 1399 522 1453 Quod
553 1401 694 1442 autem
727 1399 892 1454 quaeris
922 1400 966 1441 in
997 1400 1110 1442 calce
1142 1399 1362 1454 epistulae,
1396 1411 1470 1442 eur
1498 1399 1541 1441 in
1574 1398 1791 1454 opusculis
1900 1420 1903 1423 1

266 1470 421 1512 nostris
459 1469 739 1513 saecularium
774 1470 1011 1512 litterarum
1047 1469 1259 1512 interdum
1294 1481 1498 1524 ponamus
1531 1469 1719 1524 exempla
1749 1471 1792 1512 et
1848 1458 1861 1492 3

266 1540 488 1583 candorem
531 1539 734 1583 ecclesiae
776 1540 1038 1583 ethnicorum
1076 1540 1270 1584 sordibus
1307 1541 1563 1595 polluamus,
1604 1536 1791 1583 breuiter
1813 1552 1857 1582 1⁵

265 1623 514 1665 responsum
557 1611 728 1654 habeto:
773 1624 1003 1667 numquam
1046 1611 1125 1654 hoc
1169 1624 1403 1667 quaereres,
1440 1611 1523 1654 nisi
1564 1613 1607 1654 te
1649 1612 1788 1655 totum

314 1772 335 1806 2
362 1773 412 1818 et]
440 1763 478 1807 ἆ,
503 1774 563 1816 (=
590 1772 714 1817 etiam)
739 1772 776 1808 B
873 1783 1010 1809 cessum
1041 1773 1093 1811 W

547 1887 592 1922 K
619 1903 664 1917 =
690 1887 937 1932 Spinaliensis
965 1889 1016 1923 68
1038 1898 1067 1924 ε.
1099 1888 1214 1924 VIII.

548 1946 583 1982 L
619 1962 665 1976 =
694 1946 922 1982 coloniensis
948 1949 1000 1983 35
1023 1959 1051 1983 s.
1078 1948 1152 1983 IX.

548 2005 597 2040 M
619 2021 664 2035 =
693 2004 922 2041 Coloniensis
950 2008 1002 2042 60
1025 2016 1054 2041 8.
1078 2006 1242 2042 IX—X.

552 2065 584 2099 Φ
617 2081 662 2094 =
692 2064 1004 2110 Guelferbytanus
1032 2067 1132 2101 4156
1154 2077 1182 2101 8.
1208 2065 1373 2101 IX—X.

552 2125 564 2159 Z
619 2140 664 2154 =
695 2124 902 2160 Vaticanus
927 2125 992 2160 lat.
1020 2126 1092 2159 341
1115 2136 1143 2161 s.
1169 2125 1332 2161 X—XI.

548 2194 583 2217 m
621 2198 665 2212 =
697 2183 904 2218 Vaticanus
929 2184 993 2219 lat.
1022 2186 1101 2219 354
1125 2194 1152 2219 8.
1178 2184 1253 2220 XI.

548 2240 584 2275 B
621 2257 666 2271 =
691 2241 941 2277 Berolinensis
967 2242 1031 2277 lat.
1056 2243 1105 2277 18
1127 2253 1156 2278 s.
1181 2241 1280 2277 XII.

314 2358 334 2391 5
360 2356 406 2391 ad
430 2367 599 2403 magnum
626 2359 804 2393 oratorem
834 2357 932 2393 urbis
962 2369 1082 2394 romae
1114 2369 1175 2393 cur
1204 2357 1386 2394 interdum
1409 2358 1447 2394 in
1470 2358 1687 2396 tractatibus
1711 2361 1788 2396 suis

266 2414 502 2450 saecularium
533 2414 736 2450 litterarum
768 2418 893 2452 utatur
924 2416 1094 2462 exemplis
1125 2415 1170 2451 K
1196 2416 1242 2452 ad
1272 2427 1442 2462 magnum
1471 2419 1651 2453 oratorem
1687 2417 1789 2454 urbis

266 2483 362 2508 rome
395 2473 438 2508 de
470 2474 640 2519 exemplis
673 2468 886 2510 secularium
917 2475 1120 2510 litterarum
1152 2475 1166 2511 1
1197 2474 1243 2510 ad
1279 2485 1448 2520 magnum
1479 2477 1656 2511 oratorem
1687 2475 1792 2512 urbis

266 2543 384 2567 romae
414 2532 462 2567 M
478 2543 513 2567 m
545 2533 590 2567 ad
622 2544 791 2579 magnum
824 2535 1003 2569 oratorem
1033 2533 1161 2578 LQ⁵13;
1196 2534 1417 2580 Hieronymi
1450 2545 1582 2570 nomen
1617 2535 1789 2571 exhibent

266 2591 366 2627 tituli
388 2590 430 2626 in
454 2591 622 2627 omnibus
646 2591 833 2628 codicibus
849 2596 1003 2638 praeter
1026 2592 1070 2628 K
1209 2593 1231 2628 6
1257 2593 1459 2629 saebesium
1482 2593 1528 2628 K
1547 2593 1725 2629 senesiam
1754 2594 1795 2629 Φ

265 2649 434 2684 sibesium
460 2649 495 2684 L
518 2650 686 2685 libesium
710 2651 747 2685 B
844 2651 1027 2697 proficisse
1053 2651 1166 2687 ΚΕΦ
1250 2651 1270 2687 7
1295 2651 1515 2697 penetudine
1545 2652 1577 2686 Φ
1659 2652 1682 2687 8
1707 2662 1783 2688 cor·

265 2709 387 2753 reptus
413 2708 426 2743 l
520 2708 699 2744 laeserant
723 2709 868 2746 Koeaa.
943 2711 987 2746 10
1011 2722 1083 2746 non
1106 2721 1135 2746 8.
1162 2711 1185 2746 l.
1210 2712 1273 2746 m2
1301 2711 1333 2745 Φ
1429 2710 1546 2746 officio
1570 2709 1606 2745 L
1677 2710 1719 2747 11
1748 2712 1788 2746 et

264 2766 307 2800 K
329 2766 438 2812 (exp.)
462 2767 570 2812 Mlm,
596 2779 663 2803 om.
689 2772 752 2804 cet.
848 2768 953 2804 uobis
982 2770 1014 2804 Φ
1116 2769 1200 2815 quia
1225 2771 1262 2804 et
1285 2769 1330 2804 K
1424 2769 1467 2804 12
1492 2769 1683 2815 recipimus
1706 2769 1793 2805 ΚΦ

268 2825 311 2859 13
338 2825 455 2871 epist.]
483 2827 568 2863 add.
594 2828 611 2862 t
635 2827 679 2861 K
698 2829 783 2863 tuae
807 2839 832 2873 g
881 2828 924 2864 15
951 2828 1103 2864 candore
1133 2829 1165 2863 Φ
1236 2829 1342 2864 etnic.
1367 2827 1510 2865 La.c.B
1535 2828 1681 2866 ethinic.
1700 2829 1788 2865 lar..
1863 2862 1866 2865 .

269 2884 311 2917 16
337 2883 453 2919 habeo
484 2886 516 2918 Φ
612 2889 740 2932 quae(e
758 2887 892 2931 d‘)re1is
916 2887 1061 2922 Κα.ο.Φ
1155 2888 1205 2932 te]
1233 2898 1271 2923 se
1300 2888 1332 2923 Φ
