1884 3254
70 678 87 705 5

12 1030 87 1069 ν.ιο

52 1385 85 1413 15

48 1737 87 1766 20

562 251 767 297 Epistula
792 251 912 286 XXIII
935 251 1124 286 4—XXIV
1150 253 1170 286 3
1547 257 1631 296 215

173 383 212 424 2.
246 379 553 430 Praetermitto,
594 380 705 434 quod
736 381 777 422 in
811 381 956 422 matris
990 383 1109 422 utero
1143 380 1404 423 benedicitur
1437 381 1488 432 ei,
1522 384 1634 424 ante-

114 464 238 505 quam
275 453 486 501 nascatur,
526 451 637 504 quod
675 451 715 492 in
756 450 853 492 fiala
889 451 1062 493 nitentis
1102 451 1202 494 uitri
1241 453 1283 493 et
1315 451 1428 494 omni
1461 453 1633 506 speculo

113 522 292 575 purioris
324 522 431 575 patri
459 521 579 576 uirgo
607 521 788 564 traditur
812 534 886 575 per
911 522 1110 575 quietem,
1138 521 1250 575 quod
1276 522 1412 564 adhuc
1437 522 1635 564 infantiae

111 593 303 634 inuoluta
339 592 501 645 pannis,
534 592 604 634 uix
636 605 788 633 annum
822 592 1032 634 decimum
1066 593 1215 634 aetatis
1249 593 1449 635 excedens
1481 593 1635 635 honore

112 663 278 705 futurae
316 663 590 705 beatitudinis
630 665 914 712 consecratum
949 664 1006 706 sit
1037 664 1196 718 gratiae
1229 677 1363 714 omne,
1397 664 1509 718 quod
1541 667 1635 707 ante

111 734 295 776 laborem
334 734 428 783 fuit,
462 734 563 776 licet
601 734 704 776 deus
750 734 965 787 praescius
1012 734 1248 776 futurorum
1293 737 1336 777 et
1376 735 1634 777 Hieremiam

111 804 345 847 sanctificet
374 804 416 846 in
449 807 567 847 utero
602 806 644 846 et
668 805 896 846 Iohannem
929 805 970 846 in
1003 805 1100 846 aluo
1127 805 1274 847 matris
1301 805 1428 847 faciat
1452 806 1636 848 exultare

112 878 154 917 et
185 875 364 916 Paulum
398 877 493 917 ante
526 875 873 917 constitutionem
913 875 1059 917 mundi
1097 878 1264 930 separet
1295 876 1336 917 in
1369 877 1634 931 euangelium
1663 870 1666 873 ⁴

110 946 188 988 filii
221 947 304 988 sui:
343 947 393 988 ad
433 960 481 989 ea
518 947 657 998 uenio,
698 959 804 1000 quae
835 949 935 1000 post
966 947 1263 990 duodecimum
1297 960 1452 989 annum
1484 948 1636 990 sudore

112 1020 279 1072 proprio
314 1017 456 1072 elegit,
490 1018 679 1072 arripuit,
713 1018 864 1061 tenuit.
898 1018 1050 1072 coepit,
1083 1017 1275 1071 inpleuit.

172 1090 209 1131 3.
231 1088 364 1132 Unius
387 1089 565 1130 cellulae
586 1090 730 1131 clausa
751 1089 958 1143 angustiis
978 1088 1200 1130 latitudine
1213 1088 1395 1142 paradisi
1408 1087 1636 1132 fruebatur.

110 1159 221 1201 idem
248 1162 380 1201 terrae
407 1159 545 1202 solum
571 1162 613 1201 et
639 1159 838 1202 orationis
864 1159 984 1201 locus
1013 1159 1152 1201 extitit
1177 1163 1219 1201 et
1245 1159 1413 1213 quietis.
1432 1159 1634 1201 ieiunium

111 1243 183 1284 pro
204 1230 304 1271 ludo
326 1230 486 1280 habuit,
507 1230 689 1271 inediam
707 1230 1000 1279 refectionem3
1023 1231 1065 1271 et
1090 1242 1187 1271 cum
1213 1243 1303 1272 eam
1330 1243 1411 1272 non
1438 1229 1635 1271 uescendi

111 1301 379 1350 desiderium,
413 1300 487 1342 sed
518 1300 700 1342 humana
733 1301 938 1342 confectio
972 1301 1024 1342 ad
1056 1301 1197 1342 cibum
1229 1301 1426 1350 traheret,
1459 1313 1564 1354 pane
1596 1303 1637 1342 et

112 1373 198 1414 sale
226 1374 268 1414 et
295 1384 402 1425 aqua
426 1371 579 1425 frigida
606 1371 844 1413 concitabat
869 1370 1004 1425 magis
1031 1371 1225 1421 esuriem,
1253 1384 1377 1424 quam
1404 1371 1637 1426 restingue-

109 1444 195 1486 bat.
224 1446 266 1485 et
292 1444 391 1496 quia
415 1455 546 1497 paene
574 1442 732 1484 oblitus
761 1455 869 1493 sum,
898 1442 1009 1496 quod
1035 1442 1076 1484 in
1104 1442 1307 1495 principio
1335 1442 1461 1484 debui
1487 1441 1636 1492 dicere,
1674 1455 1693 1480 a

110 1527 204 1556 cum
238 1514 419 1567 primum
451 1513 531 1555 hoc
562 1513 826 1567 propositum
860 1513 1049 1567 arripuit,
1084 1525 1231 1555 aurum
1264 1513 1363 1555 colli
1396 1513 1476 1561 sui.¹
1510 1525 1635 1566 quam

110 1583 372 1625 murenulam
411 1583 569 1638 uulgus
607 1586 745 1632 uocat,
785 1583 895 1636 quod
935 1583 1100 1625 scilicet
1143 1583 1316 1625 metallo
1359 1583 1401 1624 in
1446 1583 1635 1638 uirgulas

108 1655 365 1696 lentescente
392 1654 596 1707 quaedam
629 1653 786 1695 ordinis
818 1653 994 1695 flexuosi
1026 1655 1175 1696 catena
1201 1653 1450 1704 contexitur,
1477 1653 1652 1707 absque·

110 1726 352 1779 parentibus
378 1724 572 1766 uendidit
602 1727 643 1766 et
673 1724 860 1766 tunicam
893 1725 1132 1776 fusciorem,
1160 1737 1286 1777 quam
1312 1737 1335 1766 a
1362 1726 1494 1766 matre
1519 1723 1635 1777 inpe-

110 1798 218 1838 trare
251 1808 330 1838 non
365 1798 541 1850 poterat,
575 1795 642 1849 pio
674 1795 823 1837 induta
847 1795 1146 1850 negotiationis
1180 1795 1368 1848 auspicio
1397 1807 1441 1836 se
1466 1797 1636 1849 repente

229 1971 250 2005 6
278 1969 444 2018 είζΗίεικ
475 1970 504 2012 1,
531 1970 552 2003 5
621 1970 640 2003 7
670 1968 713 2003 cf.
742 1968 826 2003 Luc.
855 1969 885 2012 1,
911 1969 955 2003 41
1033 1969 1053 2003 8
1082 1968 1125 2004 cf.
1154 1968 1243 2013 Eph.
1273 1969 1302 2013 1,
1329 1970 1351 2002 4

162 2079 177 2111 1
207 2077 254 2122 ei]
282 2087 371 2112 erae.
404 2075 460 2120 B2,
487 2087 554 2110 om.
582 2075 633 2109 B²
706 2076 727 2110 2
757 2075 916 2122 nascitur
942 2074 991 2109 B¹
1089 2074 1150 2109 fila
1174 2074 1223 2108 B¹
1309 2074 1490 2108 nascentis
1515 2073 1636 2110 B¹a.c.

111 2138 133 2172 4
159 2136 328 2171 honorem
357 2135 432 2170 LII
454 2134 563 2169 horae
590 2133 639 2168 Β1
690 2135 711 2169 5
739 2137 823 2168 ante
849 2145 916 2168 om.
943 2133 977 2167 L
1033 2134 1053 2168 6
1080 2134 1143 2168 ier.
1170 2132 1221 2167 Β1
1246 2133 1334 2168 iher.
1361 2131 1412 2167 B2
1461 2133 1482 2167 7
1508 2132 1634 2178 faciat]

113 2197 153 2230 in
177 2205 251 2230 ras.
276 2197 338 2229 m2
363 2194 415 2229 Β2
535 2193 719 2228 exulturae
748 2193 784 2227 Π
878 2194 899 2227 8
924 2192 1049 2227 mundi
1076 2194 1188 2229 const.
1214 2191 1266 2226 Βι
1375 2187 1559 2237 sepa'raret
1582 2195 1636 2236 (ra

113 2254 207 2299 eaep.)
226 2253 275 2288 B²
351 2253 388 2287 in
415 2253 557 2298 euang]
586 2253 624 2286 m
648 2263 721 2287 ras.
747 2254 810 2286 m2
831 2251 882 2285 3²
907 2252 942 2286 in
970 2251 1036 2286 ·1i0
1056 2250 1110 2286 13²
1157 2251 1178 2286 9
1203 2251 1303 2295 falso
1330 2262 1353 2285 a
1377 2250 1499 2286 uerbis
1524 2250 1568 2285 ad
1595 2262 1636 2285 ea

113 2314 203 2348 noui
228 2313 384 2357 capituli
406 2312 554 2347 initium
577 2315 728 2347 sumunt
754 2310 930 2346 editiones
1100 2311 1156 2355 ea]
1185 2321 1225 2344 eo
1252 2310 1286 2344 L
1438 2309 1634 2354 loelogit]

114 2373 222 2417 erigit
247 2370 297 2405 B¹
388 2372 430 2406 11
459 2369 690 2405 latitudinem
716 2370 804 2411 L‚Jl
825 2371 873 2415 (m
900 2372 1022 2414 eras),
1048 2369 1087 2404 D
1207 2368 1251 2403 12
1277 2371 1373 2404 terra
1397 2368 1431 2402 L
1520 2368 1634 2412 locus]

114 2432 180 2467 del.
207 2433 270 2465 m2
295 2429 346 2464 Β2
466 2429 601 2464 ieiunia
626 2428 677 2463 B1
777 2429 819 2464 13
845 2428 943 2474 ludo]
971 2428 1076 2463 laude
1104 2427 1276 2462 B¹edulio
1302 2427 1357 2471 (in
1381 2438 1455 2464 ras.
1482 2429 1558 2468 m2)
1585 2426 1636 2461 Β2

114 2489 400 2535 pro.1efectione
426 2488 540 2532 B2,B¹
568 2499 627 2523 (σα)
652 2488 892 2531 distinctioni)
1073 2498 1148 2522 eam
1176 2485 1228 2521 Βι
1254 2497 1296 2521 ea
1321 2490 1383 2522 cet.
1531 2486 1574 2520 15
1601 2488 1636 2520 et

113 2561 179 2584 om.
207 2548 257 2584 B¹
355 2548 580 2592 restingebat
599 2546 687 2582 LB2
786 2547 828 2581 16
856 2547 917 2592 qui
937 2547 971 2581 L
1069 2546 1135 2581 dic.
1165 2545 1244 2580 deb.
1266 2546 1301 2579 B
1400 2545 1441 2580 17
1470 2545 1582 2590 primo
1604 2543 1636 2577 L

115 2609 234 2653 quani]
263 2607 358 2653 quo-l
386 2607 420 2641 B
446 2606 542 2652 quod
568 2606 711 2652 quidem
737 2618 762 2651 g
825 2606 868 2641 18
893 2605 1114 2640 morenulam
1141 2605 1180 2639 D
1204 2615 1386 2639 murenam
1415 2604 1485 2638 LB
1563 2614 1635 2637 ine-

114 2668 238 2702 tallum
265 2666 318 2701 13²
382 2667 422 2701 19
449 2667 671 2701 lentescente
698 2665 733 2699 B
759 2666 973 2700 letescentes
1000 2668 1061 2701 cet.
1089 2664 1285 2699 latescente
1310 2674 1334 2707 g
1406 2661 1559 2707 quadani
1585 2659 1637 2694 13²

114 2727 299 2762 conexitur
325 2725 376 2759 B²
454 2721 517 2759 Δ20
543 2725 667 2759 tunica
691 2723 741 2758 Β1
844 2724 996 2758 fusciore
1022 2722 1074 2758 Β2
1098 2722 1242 2757 fasciari
1268 2727 1374 2766 (corr.
1401 2720 1560 2763 fuscior-i)
1584 2718 1636 2754 Β1

115 2786 148 2831 a]
174 2798 202 2821 s.
230 2787 251 2821 l.
280 2787 341 2820 m2
365 2784 418 2819 B²
475 2777 519 2819 '21
549 2784 607 2829 pio
634 2783 723 2829 ind.]
752 2784 812 2829 pia
835 2783 910 2819 ind.
938 2782 989 2817 B¹
1014 2781 1086 2818 ind.
1114 2782 1172 2827 pio
1197 2793 1221 2826 g
1317 2779 1566 2825 negotiatione
1586 2777 1636 2812 ΒῙ

115 2856 214 2890 ausp.
243 2846 293 2890 se]
321 2844 528 2890 auspicione
554 2843 588 2877 L
684 2843 846 2889 repente]
874 2854 911 2877 re
937 2843 978 2877 in
1003 2852 1077 2876 ras.
1102 2843 1165 2875 m2
1189 2840 1241 2874 Β2
