1884 3254
220 395 242 430 2

279 266 364 307 275
588 250 592 255 ”
822 261 974 296 Sancti
999 260 1252 305 Hieronymi

340 393 430 434 Hoc
473 404 570 434 uero
614 389 828 445 problema
871 401 966 431 cum
1008 388 1223 443 legissem,
1269 388 1388 442 coepi
1429 400 1596 431 mecum
1638 388 1798 433 tac-itus

280 466 469 505 aestuare
507 463 548 503 et
586 474 607 503 e
645 460 826 515 uestigio
867 459 1066 502 Genesim
1110 459 1383 513 Exodumque
1424 471 1668 513 percurrens
1705 472 1797 514 rep·

279 534 366 587 peri
398 533 502 581 loca,
534 531 576 573 in
610 531 763 585 quibus
796 530 952 583 scripta
984 532 1096 582 sunt,
1137 542 1242 584 quae
1273 529 1472 572 uidentur
1506 530 1642 572 facere
1674 541 1798 583 quae-

280 604 471 646 stionem.
496 614 544 644 ac
576 602 708 656 primo
741 600 1013 643 aestimabam
1047 600 1309 654 spiritalibus
1341 600 1547 654 spiritalia
1571 612 1798 654 conparans

279 673 568 715 indissolubile
607 684 713 722 esse,
753 670 879 713 sicuti
917 673 959 714 et
994 671 1130 713 multa
1167 673 1265 714 sunt
1302 671 1396 714 alia.
1432 684 1526 713 nam
1559 672 1602 713 et
1631 671 1798 714 Mathu-
1831 681 1857 721 0

281 745 409 786 salam
456 742 793 796 quattuordecim
837 754 965 784 annos
1009 744 1108 797 post
1144 741 1353 784 diluuium
1390 741 1548 785 uixisse
1587 742 1798 795 scribitur,

279 828 353 857 nec
391 817 528 856 tamen
567 826 704 855 arcam
740 813 956 869 ingressus
995 814 1060 855 est
1091 826 1187 856 cum
1217 812 1326 867 Noe;
1360 815 1414 864 et,
1447 825 1543 855 cum
1571 812 1665 867 ipse
1695 813 1800 856 deus

279 886 448 928 locutus
494 884 550 926 sit
599 883 651 925 ad
697 883 930 926 Abraham:
976 884 1179 926 sciendo
1224 884 1370 935 scies,
1421 883 1536 938 quia
1585 883 1800 939 peregri·

281 969 393 998 num
439 955 534 997 erit
578 967 740 996 semen
784 955 924 996 tuum
966 955 1015 997 in
1051 956 1186 997 terra
1221 967 1314 997 non
1352 966 1442 996 sua
1479 956 1528 996 et
1563 953 1611 996 in
1644 953 1799 997 serui-

281 1029 438 1069 tutem
476 1025 707 1080 redigent
745 1037 828 1067 eos
867 1027 915 1067 et
953 1025 1203 1080 adfligent
1241 1037 1323 1068 eos
1369 1027 1417 1068 et
1458 1024 1800 1068 humiliabunt
1822 1031 1862 1069 ¹0

282 1110 363 1139 eos
403 1096 783 1152 quadringentis
823 1095 975 1145 annis,
1007 1097 1157 1150 postea
1185 1095 1356 1150 Moyses
1389 1095 1536 1138 scribit
1565 1095 1606 1137 in
1638 1094 1801 1138 Exodo:

282 1169 330 1209 et
383 1167 572 1208 factum
629 1167 706 1208 est
752 1167 867 1221 post
916 1165 1312 1221 quadringentos
1367 1165 1580 1221 triginta
1636 1177 1801 1218 annos,

283 1237 441 1279 exiuit
480 1237 637 1279 omnis
676 1236 906 1292 potentia
943 1236 1128 1279 domini
1170 1236 1225 1278 de
1263 1238 1395 1279 terra
1431 1236 1660 1291 Aegypti.
1691 1236 1804 1292 Agar

282 1321 446 1364 quoque
477 1308 730 1350 Ismahelem
770 1307 892 1362 quasi
926 1307 1152 1366 lactantem
1187 1309 1229 1349 et
1257 1309 1446 1350 tenerum
1482 1308 1623 1361 portat
1652 1307 1695 1348 in
1726 1307 1803 1349 hu·

280 1380 419 1430 meris,
460 1392 553 1421 cum
584 1379 736 1421 'decem
775 1381 817 1420 et
855 1379 949 1421 octo
987 1378 1119 1420 ferme
1152 1380 1194 1420 et
1225 1375 1407 1432 amplius
1439 1378 1700 1432 repperiatur
1730 1390 1801 1419 an·
1825 1382 1884 1422 ψ’

281 1464 425 1493 norum
461 1452 503 1491 et
532 1449 759 1492 ridiculum
792 1449 849 1492 sit
880 1451 966 1491 tam
999 1449 1198 1503 grandem
1228 1449 1423 1491 iuuenem
1455 1448 1602 1504 matris
1641 1448 1802 1491 sedisse
1880 1495 1884 1498 ,

283 1521 538 1571 ceruicibus3
564 1520 753 1563 Roboam
771 1533 885 1571 uero,
905 1520 1019 1562 filius
1047 1519 1297 1571 Salomonis,
1324 1519 1643 1574 quadragesimo
1668 1519 1824 1577 primo⁴
1879 1517 1884 1580 j

283 1592 430 1634 aetatis
463 1604 562 1634 suae
595 1603 699 1633 anno
732 1590 850 1646 regni
878 1591 1062 1645 sumpsit
1094 1590 1307 1634 exordium
1341 1592 1383 1632 et
1412 1589 1678 1645 regnauit-in
1703 1589 1804 1632 Hie·

281 1663 463 1705 rusalem
489 1663 605 1705 annis
632 1661 830 1713 sedecim,
857 1660 952 1704 c'um
978 1662 1124 1716 utique
1150 1663 1270 1715 pater
1295 1661 1384 1703 eius
1417 1660 1665 1703 duodecimo
1698 1671 1803 1703 anno
1878 1652 1884 1692 ἶ

402 1847 422 1879 5
450 1844 493 1880 ef.
520 1845 608 1881 Gen.
635 1846 667 1889 5,
680 1845 834 1880 25-28
861 1855 930 1880 sec.
950 1845 1056 1882 Lxx.
1077 1845 1166 1880 Gen.
1187 1845 1219 1888 7,
1239 1846 1260 1880 6
1311 1844 1538 1886 s,*‹}en.15‚
1559 1844 1603 1879 13
1654 1845 1697 1880 12
1717 1843 1803 1880 *Ει
1858 1828 1883 1895 ἕ

286 1905 339 1948 12,
366 1904 505 1939 40—-41
640 1904 684 1938 13
712 1904 756 1941 cf.
783 1903 871 1939 Gen.
901 1904 955 1948 16,
983 1904 1134 1939 15—16.
1161 1903 1217 1949 21,
1246 1905 1290 1940 14
1413 1904 1455 1938 17
1483 1903 1528 1938 ef.
1553 1903 1610 1938 111
1634 1903 1722 1949 neg.
1749 1903 1807 1948 14,
1874 1895 1883 1951 ξ

284 1963 339 1998 21.
369 1965 423 2007 11,
449 1963 494 1997 42
1876 1967 1884 1986 2

333 2080 350 2114 1
378 2079 563 2126 proplema
589 2086 622 2116 tn
745 2080 934 2125 elegissem
957 2086 993 2126 ,tn
1104 2081 1126 2115 2
1153 2081 1329 2115 estuarem
1356 2090 1377 2124 q
1475 2080 1512 2113 et
1536 2089 1615 2124 exp.
1639 2079 1676 2113 Β
1772 2078 1805 2124 e]
1867 2069 1871 2074 ’

284 2149 351 2173 om.
377 2139 413 2173 A
437 2139 503 2175 hec
529 2146 561 2175 m
590 2150 607 2173 e
635 2138 743 2185 (exp.)
776 2139 890 2174 latere
903 2140 1025 2184 lexp.)
1052 2150 1070 2174 e
1095 2139 1132 2173 Β
1298 2138 1414 2184 reperi
1441 2143 1473 2174 m
1593 2138 1615 2172 4
1640 2137 1709 2173 hac
1734 2136 1806 2174 mB

285 2197 496 2232 extimabam
522 2198 558 2232 Β
584 2197 774 2232 stimabam
802 2204 834 2234 m
932 2197 1182 2244 spiritualibus
1207 2197 1243 2232 Β
1362 2196 1566 2242 spiritualia
1589 2196 1626 2230 Β
1722 2206 1806 2230 con·

285 2256 441 2300 paranda
467 2257 542 2292 AD
605 2259 625 2292 5
648 2256 917 2292 indissolubilia
941 2257 1201 2302 AD‚Ba.e.m2
1297 2256 1390 2291 sicut
1414 2267 1438 2300 g
1462 2256 1547 2290 sunt
1572 2259 1609 2290 et
1632 2254 1747 2291 multa
1769 2253 1808 2289 Β

286 2316 355 2350 alia
382 2318 466 2351 sunt
489 2317 522 2351 Ω
672 2318 754 2362 alia]
783 2317 870 2352 add.
898 2317 1038 2362 questio
1066 2316 1109 2352 de
1134 2314 1331 2351 matussala
1357 2317 1446 2360 quot
1470 2326 1580 2350 annos
1605 2317 1689 2360 post
1714 2313 1806 2348 dilu-

285 2374 383 2408 uium
408 2375 538 2410 uixerit
561 2376 597 2410 Β
681 2375 897 2410 matusalam
923 2375 1057 2421 mAqD
1082 2375 1278 2410 matussala
1303 2375 1339 2409 Β
1362 2374 1612 2409 mathusalae
1659 2374 1680 2408 6
1706 2374 1808 2409 annis

285 2433 396 2467 ΑΗΒ
470 2435 488 2468 7
515 2435 607 2480 ingr.
636 2437 691 2469 est
717 2446 786 2470 arc.
812 2446 837 2479 ς
933 2434 1074 2470 archam
1103 2434 1198 2479 qu
1272 2433 1435 2468 dominus
1459 2433 1529 2468 ΩΒ
1601 2432 1622 2467 8
1646 2433 1809 2478 loquitur

286 2493 324 2527 D
420 2493 517 2538 quia]
546 2494 712 2538 quoniam
741 2500 796 2540 mq
908 2494 952 2530 10
978 2493 1043 2529 alt.
1072 2505 1131 2528 eos
1157 2504 1224 2529 om.
1244 2493 1357 2529 ADB
1449 2492 1488 2527 11
1518 2504 1579 2527 eos
1604 2503 1672 2527 om.
1697 2491 1809 2527 ADB

287 2563 366 2588 ann.
394 2552 517 2596 quadr.
542 2552 618 2587 AD
714 2553 857 2598 scripsit
875 2553 911 2587 Β
986 2553 1028 2588 12
1056 2552 1180 2598 quadr.
1201 2555 1237 2587 et
1261 2552 1345 2597 trig.
1370 2552 1440 2587 ΩΒ
1516 2550 1558 2586 13
1584 2554 1621 2586 et
1646 2551 1758 2586 exiuit
1774 2550 1810 2586 Ω

286 2611 463 2656 potentia]
497 2612 648 2656 populus
681 2612 799 2656 (pulus
830 2614 894 2647 m2
924 2612 965 2647 in
994 2612 1084 2658 ras.)
1115 2611 1151 2646 B
1242 2610 1412 2657 Aegypti]
1441 2609 1528 2645 add.
1552 2610 1638 2644 item
1667 2609 1808 2654 questio

288 2668 330 2702 (10
358 2679 444 2713 agar
470 2672 506 2704 et
530 2670 701 2705 ismahele
727 2671 763 2705 Β
909 2671 952 2705 14
977 2669 1214 2705 hismahelem
1242 2671 1316 2714 (pr.
1342 2670 1366 2704 h
1392 2672 1485 2714 exp.)
1512 2677 1545 2705 m
1577 2668 1758 2703 ismaelem
1783 2678 1809 2712 g

287 2727 480 2762 lactentem
506 2729 672 2772 Apama)
695 2729 895 2764 laetantem
921 2730 955 2764 Ω
1076 2729 1118 2763 15
1151 2728 1273 2764 XVIII
1297 2729 1337 2764 D
1478 2728 1678 2772 reperiatur
1702 2733 1807 2763 ma.c.

291 2786 332 2819 16
360 2788 446 2831 tam]
472 2787 559 2822 tunc
586 2795 641 2832 inq
748 2790 788 2823 17
816 2788 1011 2823 solomonis
1038 2794 1071 2824 m
1177 2789 1213 2822 et
1236 2787 1350 2833 primo
1375 2787 1542 2832 Bp.c.m2
1663 2787 1706 2821 19
1731 2784 1806 2821 sed.

290 2856 398 2878 annos
427 2846 459 2879 ,Q
554 2846 654 2880 XVII
679 2847 715 2880 Β
