1884 3254
211 278 297 320 454
754 270 905 306 Sancti
930 268 1189 314 Hieronymi

154 414 175 448 3
213 404 376 447 trahere
427 404 743 457 repugnantem.
789 398 909 454 quasi
953 410 1033 440 non
1082 396 1311 452 legerimus
1349 395 1733 439 Homerocentones

213 477 255 518 et
285 473 675 528 Uergiliocentonas
714 482 760 511 ac
798 481 880 511 non
920 468 981 510 sic
1019 467 1146 509 etiam
1184 467 1398 509 Maronem
1439 466 1528 509 sine
1565 466 1731 510 Christo

214 545 426 599 possimus
460 543 597 585 dicere
630 540 930 589 Christianum,
962 538 1058 593 quia
1093 538 1327 592 scripserit:

271 616 373 656 iam
405 613 549 656 redit
580 614 631 654 et
661 611 833 667 uirgo,
866 609 1099 663 redeunt,
1128 608 1385 651 Saturnia
1415 620 1589 664 regna,

270 687 371 728 iam
402 696 538 726 noua
568 681 858 737 progenies
892 680 1041 723 caelo
1075 679 1391 722 demittitur
1422 679 1546 731 alto,
1772 691 1793 720 ο

214 759 258 799 et
285 757 447 811 patrem
478 755 719 807 loquentem
752 752 803 794 ad
834 751 988 794 filium:

272 828 407 879 nate,
438 837 581 867 meae
613 823 774 871 uires,
804 835 915 865 mea
946 835 1133 877 magna
1162 820 1411 875 potentia
1443 820 1608 871 solus,

215 900 257 940 et
287 899 385 950 post
415 895 545 938 uerba
577 893 802 936 saluatoris
834 894 876 936 in
896 905 1050 935 cruce:

273 968 412 1010 talia
442 965 730 1021 perstabat
760 961 1058 1006 memorans
1090 963 1344 1018 fixusque
1376 962 1635 1005 manebat.

215 1039 392 1094 puerilia
447 1039 546 1080 sunt
598 1037 701 1078 haec
747 1037 794 1078 et
843 1035 1140 1077 circulatorum
1195 1033 1295 1077 ludo
1346 1033 1515 1084 similia,
1571 1033 1733 1084 docere,
1757 1040 1797 1069 10

216 1109 326 1164 quod
370 1109 550 1164 ignores,
601 1107 746 1158 immo,
790 1107 840 1148 ut
881 1119 977 1148 cum
1023 1104 1286 1149 Clitomacho
1334 1104 1496 1159 loquar,
1539 1117 1616 1147 nec
1656 1104 1737 1148 hoc

216 1180 384 1235 quidem
417 1178 538 1228 scire,
572 1178 682 1232 quod
714 1176 891 1220 nescias.

275 1252 314 1292 8.
347 1249 557 1292 Uidelicet
587 1248 934 1291 manifestissima
964 1250 1031 1290 est
1062 1246 1254 1298 Genesis,
1284 1247 1327 1289 in
1359 1259 1442 1301 qua
1473 1246 1523 1288 de
1549 1248 1740 1289 creatura

217 1321 375 1372 mundi,
419 1320 468 1362 de
507 1319 673 1362 exordio
712 1319 876 1374 generis
919 1318 1106 1370 humani,
1151 1318 1201 1360 de
1245 1318 1454 1361 diuisione
1494 1320 1643 1368 terrae,
1687 1317 1738 1359 de

1865 846 1869 850 ,
1860 754 1866 771 -.
1860 699 1867 708 φ
1864 632 1868 651 ,.

1870 796 1879 885 nam-0-
1872 718 1879 788 wa...-
1874 572 1879 631 ὰψ.
1875 550 1879 557 .
1875 532 1879 539 2
1876 512 1879 518 ,
1873 415 1879 450 ..ΑΛ

1874 1039 1877 1047 .
1863 892 1879 1020 ’,ηιμ-ιφ-

1872 1347 1877 1355 1
1870 1141 1877 1279 ,..,ι.-,...-
1876 1127 1877 1131 Α

1870 1281 1877 1343 ἐ

217 1391 462 1435 confusione
485 1391 725 1446 linguarum
758 1392 800 1432 et
826 1390 876 1432 de
907 1392 1031 1446 gente
1062 1389 1305 1444 (pergente)
1334 1401 1470 1443 usque
1495 1388 1548 1430 ad
1571 1387 1735 1444 Aegyp-
1762 1393 1799 1422 ιδ

217 1467 307 1506 tum
358 1462 557 1505 scribitur
605 1462 905 1503 Hebraeorum.
956 1462 1074 1515 patet
1115 1459 1282 1502 Exodus
1328 1459 1611 1502 cum‘decem
1652 1459 1739 1514 pla-

218 1534 296 1589 gis,
343 1546 438 1575 cum
477 1532 693 1588 decalogo,
743 1544 839 1574 cum
883 1531 1075 1587 mysticis
1121 1531 1358 1585 diuinisque
1400 1530 1647 1585 praeceptis.
1694 1530 1736 1572 in

216 1606 411 1660 promptu
446 1605 510 1645 est
546 1603 763 1645 Leuiticus
794 1603 915 1654 liber,
953 1602 994 1644 in
1027 1615 1109 1656 quo
1148 1602 1317 1657 singula
1356 1600 1572 1652 sacrificia,
1608 1601 1738 1643 immo

218 1676 407 1730 singulae
438 1687 567 1728 paene
599 1674 785 1730 syllabae
818 1676 861 1722 et
892 1675 1033 1715 uestes
1065 1672 1202 1715 Aaron
1235 1675 1277 1714 et
1306 1674 1424 1715 totus
1457 1671 1557 1715 ordo
1582 1672 1739 1714 Leuiti-

336 1860 359 1893 4
383 1859 490 1904 Verg.
517 1858 604 1894 Buc.
630 1859 680 1893 IV
706 1859 727 1894 6
754 1870 806 1905 sq.
941 1860 960 1893 7
987 1859 1094 1904 Verg.
1120 1858 1209 1895 Aen.
1235 1859 1253 1894 I
1278 1859 1348 1895 664
1468 1860 1490 1894 9
1516 1859 1622 1905 Verg.
1647 1858 1738 1895 Aen.

218 1918 254 1952 11
281 1918 350 1954 650
425 1918 466 1953 11
496 1917 711 1954 Clitomachi
737 1918 864 1963 fragm.

268 2036 285 2069 1
314 2035 514 2070 retrachere
540 2037 565 2071 λ
667 2036 814 2071 humero
841 2038 1011 2072 centonas
1036 2037 1081 2071 H
1102 2048 1222 2072 omero
1249 2039 1418 2072 centenas
1444 2037 1475 2072 S
1566 2038 1588 2072 2
1613 2039 1742 2084 uergil.

219 2095 254 2128 P
278 2095 422 2139 uirgilio
449 2097 618 2130 centenas
645 2095 675 2131 S
697 2095 817 2141 uirgil.
842 2099 903 2131 cet.
953 2097 974 2131 3
999 2107 1144 2141 possum
1169 2096 1310 2132 HZ'DS
1380 2098 1440 2142 qui
1458 2108 1483 2142 g
1553 2097 1698 2143 scripsit
1715 2098 1741 2133 λ

219 2154 242 2187 4
267 2152 362 2187 redit
388 2154 438 2198 et]
466 2153 560 2188 ridet
586 2154 655 2189 λΗ
784 2155 949 2200 redeunt]
977 2157 1014 2190 et
1038 2155 1183 2190 rideunt
1208 2157 1233 2190 λ
1258 2154 1378 2190 rident
1404 2158 1441 2190 et
1463 2155 1508 2190 H
1623 2155 1645 2190 5
1665 2155 1740 2190 alto

222 2211 375 2246 dimittit
397 2212 442 2246 H
534 2212 730 2248 dimittitur
749 2213 987 2255 AZDSfflaae.
1062 2215 1081 2248 7
1107 2214 1206 2260 nate]
1233 2226 1252 2249 ο
1278 2214 1328 2249 mi
1352 2217 1435 2250 nate
1461 2216 1585 2259 (nante
1601 2213 1657 2260 H)
1674 2213 1746 2250 all

221 2271 314 2315 mea]
340 2281 439 2305 meae
466 2271 504 2305 D
576 2272 596 2306 8
622 2274 705 2317 post
729 2272 817 2307 haec
841 2272 883 2307 H
954 2273 976 2307 9
1000 2272 1263 2318 prae(e)stabat
1286 2273 1428 2309 ΗΣΒιδ1
1520 2274 1698 2319 fixsusque
1716 2275 1742 2309 λ

221 2329 360 2374 fixuque
386 2330 487 2364 Pa.c.
564 2331 607 2365 10
632 2332 825 2376 lmen—12
850 2332 962 2377 nese]
989 2332 1140 2367 stultum
1166 2335 1222 2367 est
1246 2343 1447 2378 quenquam
1475 2332 1510 2378 (n
1537 2343 1582 2368 ex
1603 2343 1639 2367 m
1663 2334 1740 2375 m2)

223 2387 361 2431 docere,
389 2389 484 2433 quod
510 2389 666 2434 ignorat,
691 2390 800 2426 immo
826 2402 870 2426 ne
896 2391 964 2426 hoc
991 2390 1134 2436 quidem
1159 2392 1263 2435 scire,
1289 2391 1386 2437 quod
1411 2392 1550 2427 nesciat
1573 2393 1610 2426 Γ
1673 2392 1741 2427 hae

223 2449 307 2481 sunt
332 2447 376 2480 H
435 2448 473 2481 11
505 2447 728 2484 Clitomacho
755 2450 886 2495 scripsi
909 2450 1094 2486 stomacho
1121 2450 1224 2486 codd.
1309 2452 1389 2496 nec]
1417 2462 1461 2486 ne
1485 2451 1521 2486 P
1582 2451 1626 2486 12
1651 2451 1741 2486 scire

223 2505 367 2551 quidam
393 2506 472 2551 (sic)
497 2507 540 2540 ΙΙ
611 2507 717 2553 quod]
745 2509 830 2554 quia
854 2509 899 2544 H
967 2509 1077 2555 nesc.]
1105 2510 1191 2545 add.
1217 2510 1369 2545 stultum
1395 2514 1450 2545 est
1469 2510 1512 2544 H
1558 2510 1603 2546 13
1627 2511 1742 2546 mani-

222 2563 417 2599 festissime
445 2565 476 2599 Σ
546 2565 588 2600 de
615 2577 681 2602 om.
708 2568 752 2602 H
822 2570 945 2614 creat.]
972 2570 1101 2604 natura
1124 2580 1149 2613 ς
1216 2569 1260 2604 14
1285 2569 1382 2604 hum.
1407 2580 1487 2614 gen.
1513 2569 1558 2604 H
1623 2572 1742 2604 terrae

225 2625 261 2657 et
286 2623 318 2658 Σ
390 2625 431 2659 15
457 2625 565 2670 conf.]
593 2627 792 2662 uariatione
817 2627 888 2662 DS
910 2627 1087 2663 diuisione
1112 2628 1144 2662 Σ
1237 2627 1280 2663 de
1305 2630 1341 2673 λ,
1367 2639 1435 2663 om.
1461 2632 1522 2664 cet.
1619 2628 1741 2674 gente]

225 2683 344 2726 gentis
370 2683 402 2717 Σ
423 2684 584 2728 gentium
610 2684 681 2719 DS
704 2685 934 2721 descensione
958 2698 983 2731 g
1060 2689 1232 2732 pergente
1259 2687 1401 2731 add-idi,
1426 2698 1493 2722 om.
1519 2687 1625 2723 codd.
1696 2687 1742 2723 ad

225 2753 252 2776 s.
280 2742 303 2776 l.
329 2742 364 2775 P
435 2743 619 2788 aegiptum
645 2745 669 2778 λ
697 2744 829 2779 exitum
856 2745 971 2789 2DS;
998 2746 1084 2780 add.
1105 2747 1224 2791 gentis
1243 2757 1268 2791 g
1324 2747 1366 2782 16
1391 2746 1516 2791 Hebr]
1542 2746 1628 2782 add.
1655 2748 1691 2781 et
1716 2748 1742 2782 λ.

228 2800 269 2833 17
296 2811 357 2843 pr.
391 2811 467 2835 cum
501 2812 567 2836 om.
601 2802 671 2837 λΗ
812 2804 855 2838 18
887 2807 1075 2850 promptus
1106 2805 1207 2840 Pa.c.
1240 2807 1418 2851 promtum
1451 2805 1547 2840 Σα.ε.
1578 2807 1686 2851 prutu
1717 2806 1742 2840 λ.

226 2861 376 2903 proptus
404 2859 446 2892 H

1836 3103 1838 3106 ’
1841 2945 1863 3083 .-.wara
1846 2878 1862 2915 κν*
1848 2811 1861 2817 ,-
1857 2778 1862 2780 .
1853 2750 1859 2756 -
1847 2647 1865 2687 arx·
