1884 3254
214 319 299 360 638
758 315 909 350 Sancti
936 313 1213 358 Hieronymi'

153 449 174 484 2
213 459 337 488 eum.
393 446 612 498 hucusque
656 444 885 498 prophetae
927 442 1084 496 lingua,
1139 455 1263 496 quam
1308 442 1467 484 calamo
1513 443 1736 486 scribentis

210 516 412 559 uelociter
450 517 659 568 conparat,
697 514 884 567 loquitur
921 512 1098 566 spiritus
1137 514 1308 555 sanctus
1345 513 1486 566 ipsum
1517 525 1661 568 regem
1693 516 1738 556 et

211 587 456 628 bellatorem
482 588 523 626 et
550 585 674 626 deum
701 595 987 636 sponsumque
1014 583 1267 636 conpellans.
1294 583 1384 624 exin
1406 595 1582 636 persona
1602 584 1734 638 patris

210 656 424 698 inducitur
459 654 671 718 loquentis
709 653 761 695 ad
801 666 999 707 sponsam
1037 653 1113 695 filii
1151 654 1218 696 sui
1257 656 1300 695 et
1337 653 1595 696 cohortantis
1628 666 1734 706 eam,

211 730 259 769 ut
294 726 447 768 ueteris
490 724 742 780 gentilitatis
781 726 824 766 61
853 724 1074 766 idolatriae
1097 718 1243 766 ¹errore
1281 727 1519 778 contempto
1551 725 1734 778 primum
1776 738 1797 765 5

210 797 291 848 his,
330 809 436 850 quae
475 795 677 845 dicantur,
717 794 917 836 adtendat
953 796 996 836 et
1030 797 1252 849 propterea
1289 795 1339 836 de
1378 795 1611 850 alienigena
1647 795 1736 838 filia

209 866 458 915 nominetur,
492 865 640 908 deinde
673 865 817 907 uideat
846 865 917 906 uel
948 865 1053 918 ipsa,
1089 878 1193 919 quae
1226 865 1437 915 dicuntur,
1470 865 1540 907 uel
1565 866 1735 908 uniuer-

210 950 299 979 sam
344 937 625 979 conditionem
670 949 717 978 ex
761 935 1007 978 uisibilibus
1050 936 1299 991 intellegens
1336 935 1570 978 inuisibilia
1608 938 1651 978 et
1686 948 1734 978 ex

210 1008 411 1050 creaturis
443 1007 626 1049 sentiens
659 1008 889 1048 creatorem
915 1008 959 1047 et
984 1006 1207 1058 diligenter
1230 1005 1404 1048 inclinet
1429 1019 1571 1048 aurem
1597 1019 1734 1058 suam,

149 1084 169 1116 3
208 1080 268 1129 111,
300 1091 406 1132 quae
439 1077 647 1127 dicuntur,
679 1077 923 1119 memoriter
952 1078 1105 1118 teneat.
1140 1089 1320 1130 cumque
1352 1076 1544 1127 audierit,
1575 1077 1734 1120 uiderit
1757 1088 1795 1116 ιο

209 1152 251 1190 61
283 1147 551 1190 inclinauerit
587 1160 728 1189 aurem
768 1159 886 1189 suam
924 1149 1143 1201 totamque
1182 1160 1227 1189 se
1265 1147 1478 1190 doctrinae
1514 1147 1734 1190 tradiderit

209 1219 251 1260 et
287 1230 431 1260 eorum
467 1217 793 1272 intellegentiae,
840 1229 945 1271 quae
985 1217 1195 1268 dicuntur,
1235 1217 1513 1260 obliuiscatur
1549 1218 1733 1272 primum

208 1288 412 1342 populum
447 1301 570 1330 suum
605 1291 647 1330 61
678 1300 773 1330 cum
798 1288 1011 1330 Abraham
1044 1288 1093 1330 de
1127 1288 1334 1331 Chaldaea
1364 1288 1579 1343 egrediens
1610 1288 1734 1330 relin-

208 1363 309 1412 quat
352 1362 504 1401 terram
553 1358 792 1412 natiuitatis
837 1362 880 1401 et
924 1359 1187 1413 cognationis
1233 1371 1349 1409 suae...
1399 1371 1520 1402 nemo
1567 1359 1734 1401 dubitat
1856 1401 1861 1415 2

208 1432 365 1484 patrem
393 1432 599 1479 nostrum,
627 1431 851 1482 antequam
872 1429 1168 1483 adoptaremur
1187 1442 1209 1470 a
1230 1429 1321 1479 deo,
1347 1429 1481 1471 fuisse
1502 1429 1732 1481 diabolum,
1758 1441 1796 1470 15
1857 1417 1861 1471 ἶ

208 1500 258 1541 (16
297 1513 378 1554 quo
412 1501 600 1542 saluator
630 1499 706 1542 ait:
745 1513 840 1542 uos
880 1500 938 1541 de
977 1499 1193 1542 diabolo
1232 1502 1383 1553 patre
1421 1500 1534 1541 nati
1572 1500 1724 1543 estis.

145 1578 169 1611 4
207 1583 303 1612 cum
342 1583 454 1625 ergo,
492 1571 564 1622 ait,
599 1571 762 1623 antiqui
799 1571 930 1625 patris
967 1570 1098 1612 fueris
1137 1571 1269 1612 oblita
1299 1573 1342 1612 et
1371 1572 1500 1613 talem
1537 1573 1579 1613 te
1617 1570 1730 1612 exbi-

206 1640 348 1682 bueris
373 1641 576 1694 depositis
601 1641 791 1694 pristinis
817 1641 1025 1690 sordibus,
1047 1643 1096 1684 ut
1120 1654 1246 1695 super
1269 1642 1511 1684 fratruelem
1537 1641 1732 1684 dealbata

209 1711 464 1754 conscendas
503 1714 544 1753 61
582 1725 705 1765 quam
745 1712 882 1766 possit
918 1712 1093 1767 diligere
1131 1712 1245 1754 filius
1279 1725 1411 1763 meus,
1448 1714 1550 1755 tunc
1581 1725 1732 1754 concu-

208 1781 346 1836 piscet
374 1795 444 1823 rex
476 1782 666 1824 decorem
697 1784 830 1824 tuum.
864 1785 906 1824 et
936 1795 987 1824 ne
1018 1785 1143 1835 putes
1177 1796 1304 1825 unum
1338 1796 1430 1825 esse
1463 1783 1513 1825 de
1538 1783 1675 1834 turba,
1709 1795 1734 1825 a
1759 1793 1800 1822 20

210 1865 292 1905 quo
324 1853 501 1894 amanda
532 1865 590 1904 es,
622 1853 713 1906 ipse
748 1855 914 1896 est-rex
945 1857 1046 1895 tuus
1078 1855 1121 1896 et
1145 1853 1341 1896 dominus
1367 1856 1481 1897 tuus.
1514 1854 1612 1908 quia
1636 1866 1737 1896 uero

208 1923 433 1975 interdum,
479 1924 549 1977 qui
590 1936 710 1979 reges
750 1926 791 1966 et
829 1924 988 1966 domini
1026 1926 1139 1978 sunt,
1185 1927 1284 1967 sunt
1321 1925 1490 1978 quidem
1527 1926 1739 1979 potestate

209 2006 328 2048 reges
369 1996 411 2035 et
448 1994 619 2045 domini,
657 1996 796 2036 tamen
837 1994 1027 2036 eiusdem
1067 1998 1252 2045 naturae,
1293 1995 1412 2037 cuius
1452 1996 1550 2036 sunt
1580 1994 1658 2045 illi,
1696 1994 1738 2036 in

338 2120 353 2153 1
383 2119 427 2154 cf.
453 2119 511 2154 Ps.
539 2120 596 2161 44,
623 2120 644 2154 2
708 2120 751 2154 13
778 2118 822 2154 cf.
850 2119 937 2155 Gen.
965 2121 1020 2164 12,
1050 2121 1066 2154 1
1132 2120 1176 2154 16
1203 2119 1303 2155 *1611.
1330 2120 1363 2162 8,
1389 2121 1443 2155 44
1492 2120 1536 2155 18
1561 2119 1606 2155 cf.
1634 2120 1740 2155 Cant.

213 2179 245 2221 8,
273 2179 294 2212 5
321 2189 388 2213 sec.
415 2178 511 2214 LXX

262 2248 280 2283 1
309 2248 492 2293 hucusque
518 2260 582 2293 per
605 2248 677 2283 LB
795 2249 923 2294 lingua
946 2247 997 2283 M
1015 2249 1176 2295 linguam
1203 2253 1265 2284 cet.
1393 2249 1581 2284 scribentis
1606 2249 1741 2294 scripsi

215 2307 386 2343 scribenti
415 2307 523 2342 LXB
548 2307 724 2342 scribente
756 2308 855 2343 WM
935 2308 957 2342 2
981 2309 1124 2343 locutus
1151 2311 1207 2344 est
1232 2308 1302 2343 LB
1387 2309 1409 2343 3
1435 2316 1677 2355 sponsamque
1704 2307 1740 2342 L

216 2367 423 2411 conpellens
451 2367 521 2400 LB
665 2367 755 2412 exin]
783 2373 820 2402 61
845 2368 881 2402 16
907 2368 949 2402 X
972 2379 1012 2403 ex
1043 2367 1094 2403 W
1113 2368 1200 2403 hinc
1223 2379 1247 2412 g
1378 2369 1400 2403 4
1426 2368 1622 2403 coortantis
1655 2367 1740 2403 WB

215 2425 236 2459 5
262 2428 401 2460 uetere*
421 2426 462 2459 X
485 2428 606 2460 uetere
632 2425 666 2460 L
763 2425 994 2461 idololatriae
1019 2438 1044 2471 g
1153 2437 1268 2462 errore
1295 2438 1362 2462 om.
1387 2426 1437 2461 M
1530 2429 1738 2472 contemptu

214 2484 348 2519 LWM
396 2486 416 2519 6
444 2484 610 2519 dicuntur
633 2485 848 2520 Ma.c.m2B
920 2485 1052 2531 propt.]
1078 2488 1206 2532 postea
1231 2497 1275 2521 ex
1299 2488 1443 2532 propter
1469 2485 1567 2520 m2B
1591 2488 1738 2531 propter

216 2543 310 2588 quod
333 2555 358 2588 g
454 2543 510 2589 (16]
537 2555 581 2579 ne
606 2544 783 2588 Mp.c.m2
903 2545 1133 2590 aligenigena
1157 2545 1190 2580 L
1217 2545 1440 2590 alienigenae
1466 2546 1541 2589 (·ne
1565 2545 1619 2589 X)
1651 2544 1739 2580 WX

216 2603 235 2636 7
262 2603 431 2637 uniuersa
455 2603 658 2638 conditione
684 2603 735 2637 W
779 2604 801 2638 8
827 2606 863 2639 61
888 2615 956 2639 om.
975 2603 1046 2639 LB
1095 2604 1116 2639 9
1141 2604 1293 2639 inclinat
1317 2604 1470 2639 Ma.c.B
1493 2604 1668 2639 inclinata.
1690 2603 1742 2638 W

219 2661 262 2696 10
288 2661 427 2696 dicatur
451 2661 486 2696 L
587 2665 736 2697 teneant
768 2662 819 2697 W
886 2664 928 2699 11
957 2663 1155 2699 doctrinam
1181 2662 1273 2698 LW
1370 2664 1414 2698 12
1440 2673 1561 2698 eorum
1585 2673 1612 2698 s.
1641 2663 1664 2700 1.
1691 2662 1743 2697 W

218 2721 332 2755 intell.
359 2722 465 2766 quae]
494 2732 585 2766 quae
612 2721 827 2766 diligentiae
853 2722 887 2756 L
1044 2723 1087 2758 13
1116 2722 1309 2757 habraham
1335 2722 1410 2757 XB
1554 2721 1677 2756 caldea
1705 2721 1737 2756 B

219 2779 263 2812 14
288 2781 385 2814 terra
416 2779 467 2814 W
574 2780 808 2824 cognationes
835 2791 917 2814 suas
942 2781 978 2814 B
1093 2779 1236 2815 dubitet
1260 2779 1310 2814 M
1404 2779 1446 2814 15
1461 2781 1679 2825 =optaremur
1701 2779 1737 2814 L

221 2837 262 2871 16
284 2837 327 2871 de
348 2838 430 2883 quo]
452 2838 582 2883 undeg
647 2839 712 2873 alr.
733 2838 790 2884 de]
813 2850 888 2883 exg
959 2841 1061 2884 patre
1082 2838 1177 2874 diab.
1195 2850 1220 2884 ,ς
1268 2839 1313 2874 18
1330 2837 1452 2883 fratr(r
1468 2838 1735 2880 s.l.m2x)uhe·

217 2895 287 2929 lem
313 2896 401 2929 XM
468 2897 513 2931 22
540 2897 682 2942 quidem
709 2908 751 2931 ex
778 2898 928 2942 quedam
953 2897 1052 2933 „2213
1123 2899 1326 2943 potestates
1351 2896 1403 2932 W
1463 2897 1508 2932 23
1534 2898 1571 2932 in
1596 2907 1664 2932 om.
1690 2896 1740 2932 W
