1884 3254
203 322 288 363 668
748 317 899 351 Sancti
925 314 1193 360 Hieronymi,

262 447 300 488 3.
331 447 378 488 In
411 444 668 498 expositione
694 455 858 496 quoque
885 441 1091 495 epistulae
1116 440 1239 483 Pauli
1264 442 1446 495 apostoli
1470 441 1523 483 ad
1548 440 1720 485 Galatas

200 516 438 558 inuenimus
465 513 637 567 aliquid,
661 513 771 566 quod
797 524 872 554 nos
899 511 1084 553 multum
1110 512 1290 553 moueat.
1316 511 1354 553 si
1379 511 1488 553 enim
1515 512 1568 554 ad
1592 512 1721 567 scrip-

200 590 316 629 turas
349 587 512 627 sanctas
545 583 730 625 admissa
760 582 916 624 fuerint
940 582 1062 624 uelut
1086 581 1274 624 officiosa
1297 581 1526 632 mendacia,
1553 582 1654 636 quid
1677 580 1720 624 in

202 657 261 698 eis
291 651 522 698 remanebit
553 652 843 695 auctoritatis?
870 664 976 706 quae
1002 651 1170 694 tandem
1197 651 1247 694 de
1273 651 1492 706 scripturis
1515 652 1604 695 illis
1629 665 1722 696 sen-

201 726 334 768 tent-ia
351 724 596 779 proferetur,
625 723 746 766 cuius
772 722 952 777 pondere
977 714 1266 765 contentiosae
1283 722 1484 765 falsitatis
1509 723 1724 766 obteratur
1762 736 1781 765 ⁵

201 795 459 850 inprobitas?
487 794 631 836 statim
657 793 764 835 enim
791 795 842 835 ut
863 791 1104 847 protuleris,
1131 792 1167 834 si
1193 791 1313 834 aliter
1337 792 1463 846 sapit,
1487 793 1560 846 qui
1579 794 1724 835 corma

201 866 362 915 nititur,
395 864 508 906 dicet
536 863 657 915 illud,
690 862 802 917 quod
831 863 1043 917 prolatum
1076 862 1168 914 erit,
1201 862 1377 905 honesto
1410 862 1550 917 aliquo
1583 861 1722 905 officio

204 936 450 990 scriptorem
491 934 625 976 fuisse
667 932 907 976 mentitum.
956 933 1031 975 ubi
1074 933 1183 975 enim
1226 933 1308 975 hoc
1348 945 1431 975 non
1474 933 1643 987 poterit,
1687 933 1725 976 si

202 1006 343 1060 potuit
380 1006 421 1047 in
460 1018 509 1047 ea
544 1005 792 1056 narratione,
835 1016 962 1058 quam
998 1015 1170 1046 exorsus
1207 1004 1430 1058 apostolus
1467 1003 1544 1046 ait:
1588 1015 1723 1058 quae

203 1079 378 1118 autem
411 1075 599 1118 scribo*
622 1075 794 1126 uobis,
827 1086 949 1116 ecce
981 1086 1152 1116 coram
1181 1074 1288 1127 deo,
1320 1073 1444 1128 quia
1467 1086 1565 1117 non
1590 1086 1721 1117 men-
1745 1089 1782 1119 ιο

202 1147 318 1198 tior,
352 1146 464 1189 credi
494 1145 786 1200 adfirmarique
815 1145 1020 1187 mentitus
1052 1157 1100 1187 eo
1132 1145 1239 1196 loco,
1271 1145 1342 1187 ubi
1377 1145 1480 1186 dixit
1515 1144 1565 1186 de
1595 1145 1721 1187 Petro

203 1220 245 1259 et
274 1217 482 1259 Barnaba:
524 1229 636 1258 cum
669 1215 922 1267 uiderem,
956 1215 1081 1269 quia
1111 1227 1208 1257 non
1239 1217 1386 1257 recte
1417 1214 1722 1270 ingrediun-

202 1290 288 1329 tur
319 1287 379 1329 ad
410 1287 698 1333 ueritatem
735 1286 1044 1341 euangelii?
1076 1286 1113 1328 si
1144 1285 1253 1327 enim
1284 1287 1398 1338 reete
1427 1285 1493 1327 illi
1516 1284 1722 1341 ingredie—

200 1358 364 1408 bantur,
388 1358 470 1399 iste
495 1357 699 1399 mentitus
725 1359 809 1406 est;
831 1356 868 1399 si
893 1359 1034 1398 autem
1059 1356 1120 1398 ibi
1144 1355 1346 1404 mentitus
1373 1358 1452 1407 est,
1475 1355 1549 1398 ubi
1574 1366 1722 1398 uerum

202 1428 332 1470 dixit?
371 1440 421 1470 an
458 1428 517 1469 ibi
554 1439 702 1470 uerum
740 1427 894 1469 dixisse
930 1427 1156 1478 uidebitur,
1195 1425 1270 1468 ubi
1300 1426 1380 1469 hoc
1411 1426 1574 1477 dixerit,
1611 1425 1723 1480 quod
1747 1441 1783 1470 111

201 1499 333 1541 lector
370 1499 491 1552 sapit,
535 1511 632 1540 cum
668 1510 768 1541 uero
801 1499 944 1540 contra
975 1499 1146 1540 sensu‘m
1176 1497 1347 1539 lectoris
1384 1497 1545 1551 aliquid
1581 1508 1724 1539 occur-

200 1569 314 1619 rerit,
352 1568 539 1611 officioso
576 1568 792 1610 mendacio
832 1568 1129 1622 deputabitur?
1166 1579 1248 1610 non
1287 1567 1397 1610 enim
1429 1567 1577 1610 deesse
1607 1569 1723 1623 pote-

179 1641 298 1681 .runt
329 1651 491 1691 causae,
522 1651 596 1680 cur
627 1639 889 1700 existimetur
914 1651 995 1680 non
1022 1639 1160 1681 solum
1192 1638 1397 1691 potuisse,
1420 1650 1570 1680 uerum
1590 1635 1721 1680 *etiam

201 1709 396 1752 debuisse
433 1709 617 1760 mentiri,
656 1709 692 1751 si
729 1709 828 1750 huic
858 1709 1030 1764 regulae
1062 1708 1306 1751 conceditur
1334 1708 1468 1750 locus.
1504 1721 1584 1751 non
1615 1719 1721 1763 opus

201 1782 266 1821 est
296 1779 403 1822 hanc
434 1791 605 1822 causam
636 1779 784 1821 multis
815 1780 957 1821 uerbis
990 1791 1113 1834 agere
1144 1779 1391 1834 praesertim
1422 1779 1534 1832 apud
1563 1781 1621 1830 te,
1653 1779 1721 1821 cui
1744 1794 1782 1823 so

201 1850 412 1904 sapienter
453 1850 693 1904 prouidenti
737 1850 898 1892 dictum
948 1852 1014 1892 sat
1057 1851 1135 1892 est.
1179 1862 1442 1904 nequaquam
1478 1862 1579 1892 uero
1615 1850 1722 1892 mihi

320 1944 336 1978 1
366 1943 410 1978 cf.
438 1944 583 1979 Hieron.
615 1944 652 1978 in
677 1944 782 1979 Pauli
815 1944 919 1989 epist.
947 1944 993 1979 ad
1020 1942 1098 1979 Gal.
1124 1943 1157 1988 2,
1185 1943 1227 1978 11
1254 1954 1333 1989 sqq.
1359 1943 1494 1988 (XXVI
1518 1944 1600 1989 338,
1625 1944 1719 1981 31—

200 2002 279 2045 342,
308 2002 351 2036 16
377 2002 429 2047 Μ)
457 2004 493 2037 et
518 2002 664 2038 Hieron.
692 2003 798 2048 epist.
823 2002 904 2037 LVI
929 2003 963 2038 3.
991 2001 1089 2038 CXII
1112 2004 1135 2037 4
1213 2003 1235 2037 9
1261 2002 1340 2038 Gal.
1369 2004 1400 2045 1,
1426 2002 1473 2038 20
1546 2002 1591 2038 12
1616 2002 1720 2039 *GaL

198 2061 233 2105 2,
262 2061 304 2095 14
376 2061 419 2096 21
448 2061 493 2097 cf.
519 2061 661 2097 Terent.
687 2062 829 2096 Phorm.
856 2061 923 2096 541

248 2133 264 2166 1
292 2132 328 2166 in
354 2142 422 2167 om.
447 2131 749 2175 LDO,Ma.0.m2
869 2132 1129 2178 expositionem
1154 2131 1230 2167 LD
1360 2132 1518 2179 apostoli
1543 2143 1610 2168 om.
1635 2132 1720 2176 {3121

199 2192 221 2225 2
247 2202 311 2225 uos
336 2192 372 2225 B
467 2191 622 2226 multum
648 2202 714 2226 om.
746 2192 778 2225 Φ
872 2193 995 2226 mouet
1018 2191 1069 2227 M
1136 2192 1158 2226 3
1183 2190 1294 2226 fuerit
1318 2190 1357 2226 D
1452 2191 1556 2227 uelut
1577 2202 1607 2227 s.
1634 2191 1657 2226 l.
1683 2191 1720 2226 B

200 2250 259 2284 uel
282 2250 365 2294 ΓΦ,
391 2261 457 2286 om.
483 2250 688 2294 ‘BLDMCZ
768 2250 792 2285 4
818 2250 879 2296 qui
904 2250 944 2285 D
1038 2252 1160 2285 tamen
1185 2250 1226 2286 F
1315 2250 1377 2286 ille
1406 2251 1440 2285 Φ
1510 2251 1532 2286 5
1557 2249 1719 2296 profera-

198 2311 259 2343 tur
276 2309 506 2353 *EFLDQOE
577 2309 756 2345 falsitates
780 2309 832 2344 W
901 2309 1086 2345 obteratur
1110 2309 1193 2345 ΨΦ
1211 2310 1405 2345 subruatur
1424 2313 1487 2345 cet.
1508 2309 1678 2345 obruatur
1695 2320 1720 2354 ς

197 2368 221 2403 6
247 2368 338 2402 alter
362 2367 402 2401 F
495 2368 613 2413 sapiat
641 2367 671 2403 O
741 2369 760 2403 7
789 2367 878 2403 dicit
909 2367 992 2402 ΨΦ
1087 2368 1188 2403 illum
1214 2367 1567 2413 FLD01‚Ma.c.m2
1637 2378 1719 2414 pro-

199 2426 324 2461 batum
349 2425 635 2467 FLWO‚Ma.r.
659 2429 850 2472 pronatum
874 2427 914 2462 D
937 2428 1051 2462 latum
1077 2427 1091 2462 l
1202 2428 1356 2462 honeste
1385 2427 1432 2462 Φῐ
1519 2427 1542 2462 8
1567 2427 1719 2473 scripto-

201 2495 277 2519 rum
308 2484 358 2520 W
496 2486 644 2531 poterit]
670 2486 830 2532 potuerit
853 2485 969 2521 Mam.
993 2485 1115 2531 potuit
1141 2486 1174 2520 Φ
1291 2485 1314 2521 9
1339 2485 1461 2531 potuit
1489 2485 1541 2520 W
1559 2484 1720 2531 potuerit

200 2543 314 2579 Mene.
339 2545 475 2589 poterit
498 2548 560 2580 eet.
646 2556 716 2590 qua
740 2544 935 2590 §BFLDM
1014 2547 1130 2590 apost.
1157 2556 1209 2580 ex.
1236 2545 1250 2580 Ζ
1333 2550 1459 2580 exorsu
1488 2544 1540 2579 W
1560 2546 1659 2580 ortus
1687 2545 1720 2579 Φ

203 2603 242 2636 11
272 2602 317 2637 ad
341 2602 512 2638 infirmari
539 2614 629 2648 quae
660 2603 711 2639 W
803 2603 847 2639 de
873 2614 940 2640 om.
966 2604 1040 2639 ΓΦ
1142 2605 1186 2639 12
1213 2605 1266 2649 et]
1291 2604 1386 2650 elige
1411 2604 1444 2649 213
1539 2603 1719 2639 barnabae

201 2660 403 2705 ΙὴοωηὲΦ
498 2662 648 2698 uiderim
680 2664 712 2698 Φ
736 2663 877 2698 uideret
907 2663 959 2698 W
1049 2663 1112 2708 qui
1141 2663 1174 2698 Φ
1273 2664 1371 2698 recte
1394 2673 1464 2698 non
1492 2663 1506 2698 1
1598 2662 1719 2708 ingre-

203 2719 348 2754 diuntur
379 2721 463 2756 ΨΦ
488 2721 673 2757 -iebantur
697 2726 758 2757 cet.
835 2722 878 2757 13
903 2724 979 2757 rete
999 2721 1038 2756 D
1132 2723 1226 2767 ingr.
1252 2721 1307 2756 illi
1324 2732 1350 2767 ς
1423 2714 1467 2757 15
1493 2732 1536 2756 an
1562 2721 1627 2756 ubi
1644 2720 1721 2756 ΒΦ

201 2778 364 2813 omnibus
390 2791 434 2815 ex
459 2780 623 2815 amnibus
649 2780 684 2815 L
758 2781 801 2816 16
828 2791 950 2816 uerum
979 2782 1012 2816 Φ
1108 2781 1254 2816 dictoris
1278 2781 1312 2826 23
1397 2781 1440 2816 17
1466 2782 1662 2826 potuerunt
1683 2778 1725 2815 F

203 2837 245 2870 18
272 2848 377 2872 ausae
402 2838 571 2874 Fa.c.m2
643 2850 721 2875 cum
751 2839 797 2875 C'l
869 2840 912 2875 19
938 2839 1101 2875 mentiris
1130 2841 1163 2874 Φ
1234 2840 1339 2875 huius
1363 2840 1396 2884 33
1468 2838 1515 2875 20
1539 2838 1642 2874 uerbi
1671 2837 1724 2873 W

200 2895 242 2929 21
270 2896 472 2940 preuidenti
491 2898 522 2942 5.ss
541 2898 754 2943 prouidendi
773 2898 812 2933 F
832 2898 1063 2944 prouidenter
1085 2900 1117 2933 Φ
1177 2900 1233 2934 est
1256 2899 1345 2935 satis
1363 2910 1388 2944 g
1447 2899 1536 2934 satis
1559 2894 1720 2933 ῈἜΦΟΖ
