1884 3254
5 1051 13 1054 ·’
67 1040 105 1068 {0

65 1396 104 1423 15

640 263 847 309 Epistula
871 263 985 297 LXIV
1010 263 1150 298 21—22
1574 266 1658 307 615

133 394 276 435 motus
315 395 356 435 et
394 393 590 435 uniuersa
622 394 785 436 uocalia
817 393 913 435 sint.
950 393 1173 436 ueritatem
1206 395 1344 435 mente
1377 393 1587 446 concipiat
1618 396 1660 434 et

132 467 224 506 toto
257 477 349 506 eam
379 464 527 506 habitu
558 466 726 506 resonet
751 466 792 506 et
818 467 978 515 ornatu,
1005 466 1066 515 ut,
1094 464 1299 518 quidquid
1325 464 1426 519 agit,
1455 464 1659 518 quidquid

133 535 334 588 loquitur,
368 535 424 576 sit
455 534 644 576 doctrina
674 534 939 587 populorum.
972 535 1130 588 absque
1162 534 1428 577 tintinabulis
1467 535 1578 576 enim
1618 536 1660 576 et

134 605 314 647 diuersis
340 605 552 647 coloribus
586 606 627 646 et
658 605 838 659 gemmis
871 604 1127 658 floribusque
1159 605 1368 647 uirtutum
1396 614 1476 647 ‘nec
1514 607 1660 648 sancta

132 675 293 731 ingredi
324 677 465 730 potest
501 687 575 717 nec
614 687 761 718 nomen
801 675 1003 717 antistitis
1042 676 1268 730 possidere.
1306 676 1410 718 haec
1448 676 1499 718 ad
1532 689 1656 719 unam
1695 679 1717 713 2

130 746 557 798 lucubratiunculam,
591 758 686 788 cum
719 746 802 788 iam
834 746 948 788 funis
975 746 1212 789 solueretur
1238 760 1259 788 e
1284 747 1407 789 litore
1433 749 1475 789 et
1506 748 1657 789 nautae

131 817 318 859 crebrius
347 817 634 868 inclamarent,
677 829 853 872 propero
887 830 1077 860 sermone
1109 817 1281 869 dictaui,
1314 831 1420 871 quae
1457 818 1659 860 memoria

129 889 271 930 tenere
290 890 478 942 poteram
499 890 542 929 et
562 900 668 942 quae
683 887 880 930 diuturna
898 888 939 930 in
960 887 1154 930 rationali
1172 887 1355 941 pectoris
1375 889 1459 930 mei
1476 889 1658 931 lectione

130 970 438 1014 congesseram,
495 958 599 1001 satis
647 958 899 1014 intellegens
947 959 1084 1013 magis
1135 971 1202 1000 me
1249 958 1449 1012 loquendi
1495 959 1658 1013 impetu

131 1042 256 1083 quam
287 1029 443 1072 iudicio
477 1030 697 1072 scribentis
730 1030 856 1072 fluere
889 1031 931 1071 et
961 1042 1076 1071 more
1101 1029 1299 1072 torrentis
1323 1029 1541 1071 turbidum
1567 1042 1658 1083 pro-

129 1100 236 1144 ferre
274 1113 521 1143 sermonem.
559 1101 693 1143 fertur
729 1101 767 1142 in
809 1100 945 1142 indice
978 1099 1158 1154 Septimi
1189 1100 1438 1142 Tertulliani
1468 1100 1577 1143 liber
1608 1100 1657 1143 de
1696 1104 1717 1138 3

129 1172 266 1214 Aaron
303 1172 512 1223 uestibus,
552 1172 625 1226 qui
660 1172 827 1214 interim
866 1184 1000 1226 usque
1040 1171 1091 1213 ad
1128 1171 1233 1213 hanc
1273 1171 1384 1214 diem
1423 1184 1446 1213 a
1477 1185 1544 1214 me
1575 1184 1657 1213 non

129 1246 195 1285 est
232 1245 437 1298 repertus.
478 1243 514 1284 si
552 1255 574 1284 a
611 1243 734 1285 uobis
767 1244 936 1298 propter
969 1242 1256 1285 celebritatem
1287 1242 1406 1284 urbis
1439 1242 1567 1284 fuerit
1597 1243 1657 1284 in·

128 1316 297 1365 uentus,
347 1326 517 1368 quaeso,
561 1327 611 1356 ne
654 1326 790 1356 meam
836 1314 996 1356 stillam
1039 1314 1156 1356 illius
1200 1314 1363 1355 flumini
1407 1313 1654 1368 conparetis.

129 1396 208 1426 non
246 1385 355 1427 enim
388 1397 638 1440 magnorum
669 1384 856 1427 uirorum
888 1385 1082 1440 ingeniis,
1123 1385 1197 1426 sed
1229 1385 1334 1427 meis
1368 1397 1462 1427 sum
1494 1385 1657 1427 uiribus

128 1455 430 1498 aestimandus.

178 1585 194 1618 l
222 1583 391 1618 uniuersa
416 1582 494 1617 eius
522 1582 556 1616 B
676 1582 832 1620 ueritate
857 1582 937 1617 ΚΦ
1032 1583 1053 1617 2
1080 1570 1196 1618 totam
1222 1585 1276 1625 (ut
1300 1582 1459 1626 uidetur)
1486 1582 1657 1627 Kp.c.m2

126 1642 265 1678 ambitu
290 1642 326 1677 Β
422 1642 476 1686 ut]
505 1645 542 1678 et
571 1643 603 1676 Φ
699 1642 821 1688 agitur
845 1643 900 1687 (ur
925 1645 1019 1687 escp.)
1044 1642 1080 1676 B
1165 1643 1186 1677 3
1212 1643 1334 1677 tintin.
1362 1640 1447 1676 KH
1451 1642 1482 1676 Φ
1506 1642 1654 1678 tintinn.

125 1706 189 1737 cet.
310 1702 333 1736 4
360 1701 494 1736 diuersi
524 1692 555 1735 Φ
677 1702 714 1736 et
737 1711 816 1746 exp.
841 1701 877 1735 Β
990 1701 1228 1747 pluribusque
1253 1705 1337 1747 (que
1362 1712 1390 1736 s.
1418 1701 1440 1737 l.
1466 1701 1516 1744 Β)
1543 1700 1655 1735 HDB

126 1762 265 1806 sancta]
292 1762 450 1795 sanctam
478 1759 519 1805 (s.
548 1759 571 1794 l.
597 1761 672 1803 m2)
702 1760 888 1795 eeclesiam
907 1760 952 1795 K
1021 1760 1042 1793 5
1063 1759 1240 1794 antistitis
1264 1759 1306 1794 in
1330 1770 1404 1795 ras.
1430 1759 1531 1794 maB
1555 1761 1654 1794 ante-

124 1821 224 1855 stitis
249 1819 540 1855 Ka.c.m2HR‹t›
636 1821 657 1855 6
685 1819 718 1865 e]
745 1831 766 1854 a
790 1819 866 1854 DB
958 1820 978 1855 7
1006 1830 1110 1864 quem
1137 1821 1184 1863 (m
1211 1821 1303 1864 exp.)
1331 1819 1366 1854 B
1462 1819 1654 1854 memoriae

120 1881 178 1925 -(-e
204 1880 252 1923 B)
280 1880 538 1924 HD,Ba.c.m2
641 1880 662 1914 8
688 1879 843 1914 retinere
869 1879 911 1914 K
1029 1878 1239 1914 rationabili
1268 1879 1300 1912 Φ
1419 1878 1505 1923 mei]
1532 1888 1589 1913 me
1616 1877 1659 1911 Η

124 1939 317 1975 lectionem
343 1939 422 1975 HR
445 1939 593 1975 lectioni
626 1939 695 1974 HD
786 1939 807 1974 9
834 1949 1078 1974 concesseram
1107 1938 1180 1973 HD
1276 1938 1459 1984 loquentis
1485 1937 1656 1982 Bp.c.m2

127 1999 169 2033 11
199 1998 366 2044 Septimii
389 2010 414 2043 g
508 1997 698 2033 tertuliani
717 1998 794 2033 ΒΦ
868 1998 911 2033 12
938 2009 1021 2032 aaro
1047 1997 1086 2043 (n
1110 2009 1138 2032 s.
1165 1997 1189 2032 Ζ.
1215 1997 1293 2042 m2)
1321 1997 1359 2032 H
1451 1996 1600 2031 interito
1624 1997 1656 2030 Φ

126 2069 239 2103 usque
265 2059 324 2105 (ex
350 2059 434 2103 que)
467 2058 511 2092 ad
542 2058 634 2092 hanc
666 2050 778 2103 usque
804 2057 927 2103 (eras.)
953 2057 996 2092 K
1139 2057 1182 2092 13
1215 2057 1334 2092 uerbis
1359 2068 1403 2092 ex
1429 2056 1526 2091 urbis
1551 2056 1658 2091 m2K

128 2118 172 2152 14
198 2128 279 2152 nem
305 2117 383 2154 HR
479 2117 617 2152 flumini
643 2119 673 2160 (s
699 2129 728 2153 8.
754 2118 794 2161 l.)
819 2117 863 2152 K
885 2116 1029 2152 fulmini
1059 2118 1090 2152 Φ
1165 2117 1207 2152 16
1235 2115 1458 2152 extimandus
1484 2116 1541 2160 Β,·
1565 2116 1653 2151 add.

121 2177 273 2222 explicit
305 2177 351 2212 ad
383 2177 554 2212 fabiolam
585 2177 702 2212 ΚΒΦ
734 2176 881 2222 explicit
913 2175 959 2211 ad
996 2175 1167 2211 fabiolam
1206 2176 1250 2211 de
1289 2175 1377 2211 cibis
1415 2178 1452 2210 et
1490 2174 1654 2210 uestibus

124 2235 410 2272 sacerdotalibus
436 2236 514 2272 HR
540 2236 688 2282 explicit
713 2235 868 2282 epistola
894 2235 939 2270 ad
971 2235 1143 2270 fabiolam
1176 2235 1220 2270 de
1246 2237 1348 2270 ueste
1374 2233 1592 2270 sacerdotali
1620 2234 1658 2268 Π
