1884 3254
212 238 299 279 310
756 233 911 269 Sancti
935 232 1192 277 Hieronymi

214 363 311 417 quia
343 362 565 405 saluatoris
600 361 702 403 dura
733 360 986 402 uidebantur
1016 359 1196 413 eloquia,
1223 359 1396 414 plurimi
1428 359 1731 415 discipulorum

213 436 440 476 retrorsum
472 432 676 475 abierunt.

273 506 311 546 2.
337 503 455 546 Unde
481 516 561 544 non
586 501 737 543 mirum
766 501 845 551 est,
873 499 908 542 si
935 502 978 542 et
1009 512 1084 542 nos
1115 499 1233 543 uitiis
1266 500 1532 543 detrahentes
1564 501 1733 544 offendi-

214 588 308 618 mus
351 573 570 628 plurimos.
607 571 800 626 disposui
836 581 986 613 nasum
1023 581 1164 613 secare
1200 570 1422 615 fetentem:
1446 571 1622 623 timeat,
1661 573 1733 627 qui

214 649 449 687 strumosus
470 645 546 686 est.
565 641 662 684 uolo
681 639 918 684 corniculae
937 640 1152 688 detrahere
1169 640 1386 696 garrienti:
1406 641 1666 685 rancidulam
1685 655 1731 685 se

212 714 432 769 intellegat
451 712 605 756 cornix.
626 710 831 766 numquid
853 723 959 753 unus
984 710 1026 753 in
1053 711 1152 753 orbe
1170 709 1357 754 Romano
1384 713 1462 762 est,
1483 712 1556 766 qui
1581 710 1733 755 habeat
1753 718 1756 720 ’

212 789 431 827 truncas
452 783 741 826 inhonesto
764 781 990 824 uulnere
1016 780 1550 836 nares?numquidsolus
1566 781 1732 826 Onasus

212 856 467 911 Segestanus
502 865 606 896 caua
637 851 766 895 uerba
797 854 840 895 et
869 851 912 894 in
937 851 1179 895 uesicarum
1204 852 1374 895 modum
1402 853 1610 895 tumentia
1633 853 1734 896 buc-

213 926 272 968 cis
297 925 527 967 trutinatur
550 923 734 966 inflatis?
760 921 854 965 dico
887 922 1091 977 quosdam
1127 923 1298 974 scelere,
1323 923 1521 977 periurio,
1547 923 1732 966 falsitate

213 995 263 1037 ad
284 995 530 1050 dignitatem
556 993 698 1036 nescio
724 1004 850 1047 quam
875 992 1138 1047 peruenisse:
1164 991 1265 1047 quid
1291 990 1344 1035 ad
1368 994 1424 1044 te,
1445 993 1517 1047 qui
1542 994 1585 1036 te
1610 993 1731 1036 intel-

211 1067 318 1122 legis
348 1066 639 1108 innocentem?
676 1063 791 1107 rideo
824 1062 1092 1115 aduocatum,
1132 1063 1206 1118 qui
1242 1065 1416 1118 patrono
1455 1066 1593 1120 egeat3
1633 1077 1731 1119 qua-

213 1137 356 1179 drante
394 1136 562 1191 dignam
609 1134 891 1189 eloquentiam
936 1144 1032 1176 nare
1072 1134 1306 1178 subsanno:
1346 1133 1448 1189 quid
1480 1134 1531 1176 ad
1564 1137 1620 1186 te,
1659 1135 1731 1190 qui

213 1207 394 1249 disertus
434 1208 506 1248 es?
545 1205 643 1248 uolo'
680 1205 722 1247 in
768 1205 1025 1247 nummarios
1068 1203 1212 1247 inuehi
1256 1204 1517 1248 sacerdotes:
1556 1207 1620 1255 tu,
1658 1206 1731 1260 qui

213 1277 331 1319 diues
363 1289 422 1327 es,
461 1276 563 1331 quid
593 1275 814 1318 irasceris?
853 1274 1049 1318 claudum
1095 1275 1218 1330 cupio
1257 1275 1346 1318 suis
1383 1276 1554 1333 ignibus
1586 1275 1731 1319 ardere

213 1349 467 1391 Vulcanum:
494 1347 699 1402 numquid
723 1347 879 1402 hospes
912 1347 1002 1390 eius
1035 1359 1079 1390 es
1111 1349 1185 1389 aut
1215 1347 1397 1398 uicinus,
1423 1346 1535 1402 quod
1567 1360 1591 1389 a
1616 1346 1729 1390 delu—

147 1427 151 1431 ·
213 1419 298 1460 bris
329 1418 432 1460 idoli
463 1418 610 1461 niteris
641 1417 879 1460 incendium
908 1417 1189 1460 submouere?
1214 1418 1355 1471 placet
1379 1417 1485 1459 mihi
1510 1417 1560 1459 de
1585 1416 1731 1469 lamis,

214 1489 263 1531 de
300 1491 466 1539 nocturn
500 1488 550 1531 de
587 1488 769 1539 bubone,
804 1487 855 1530 de
885 1487 1062 1531 Niliacis
1100 1488 1235 1530 ridere
1266 1489 1494 1543 portentis:
1532 1487 1733 1542 quicquid

215 1559 373 1602 dictum
405 1559 552 1614 fueritt
571 1559 613 1601 in
641 1561 682 1602 te
709 1558 870 1601 dictum
903 1561 1041 1613 putas.
1065 1560 1108 1601 in
1136 1558 1434 1613 quodcumque
1464 1557 1619 1602 uitium
1645 1558 1733 1601 stili

213 1631 296 1672 mei
327 1643 469 1673 mucro
497 1632 810 1685 contorquetur,
836 1632 880 1672 te
913 1630 1106 1672 clamitas
1140 1630 1363 1685 designari,
1391 1631 1583 1672 conserta
1606 1642 1733 1672 manu

1757 1006 1792 1035 10

1755 1361 1790 1389 15

213 1702 252 1742 in
285 1701 351 1743 ius
384 1713 509 1744 uocas
543 1702 585 1743 et
616 1701 834 1743 satiricum
874 1701 1122 1756 scriptorem
1158 1700 1200 1742 in
1238 1713 1363 1755 prosa
1402 1701 1533 1743 stulte
1572 1701 1730 1756 arguis.
1750 1714 1789 1743 so

214 1784 262 1813 an
295 1772 387 1814 ideo
419 1772 497 1814 tibi
528 1771 665 1814 bellus
697 1771 869 1822 uideris,
897 1771 995 1825 quia
1026 1771 1166 1813 fausto
1198 1771 1364 1813 uocaris
1390 1771 1583 1813 nomine?
1611 1770 1732 1825 quasi

332 1935 350 1968 7
379 1934 483 1979 Verg.
510 1934 598 1969 Aen.
624 1935 674 1969 VI
699 1935 767 1970 497
842 1935 863 1969 8
890 1934 934 1969 cf.
962 1934 1068 1980 epist.
1096 1934 1175 1978 125,
1203 1935 1247 1969 16

261 2051 281 2084 2
308 2050 363 2086 ab.
389 2054 472 2085 retr.
497 2051 532 2085 Β
604 2051 751 2085 retrorsi
781 2050 959 2095 Wp.c.m2
1007 2051 1029 2086 3
1056 2052 1112 2086 est
1135 2051 1213 2087 mir.
1240 2051 1275 2085 B
1348 2050 1428 2095 nos]
1456 2049 1542 2084 add.
1569 2049 1638 2094 ipsi
1660 2049 1734 2084 ΠΙ)

214 2109 234 2143 5
262 2111 458 2144 stromosus
483 2109 516 2143 L
602 2110 805 2155 gurrigenti
829 2109 863 2144 L
947 2108 1136 2145 rancidula
1165 2109 1217 2144 W
1236 2108 1458 2144 raucidulam
1483 2119 1508 2153 g
1579 2109 1601 2143 6
1626 2108 1734 2143 intel-

214 2168 301 2203 lexit
325 2168 365 2201 X
482 2168 568 2203 urbe
594 2168 896 2212 L,Xa.c.m2‚DB
1028 2179 1176 2203 romana
1200 2167 1420 2212 D‚Bp.c.m3
1443 2178 1543 2202 roma
1566 2167 1736 2202 Ba.c.m3

216 2228 235 2261 7
261 2227 411 2261 uulnera
436 2227 469 2261 L
543 2227 639 2262 solus
665 2239 732 2263 om.
763 2227 851 2269 WX
923 2228 945 2263 8
973 2230 1141 2273 egestans
1165 2228 1202 2262 Β
1274 2226 1368 2262 mod.
1394 2227 1522 2262 uessic.
1542 2226 1582 2261 D
1653 2236 1733 2261 ues-

215 2286 366 2319 sicarum
394 2285 538 2320 Ila.r.1)
693 2291 779 2322 ante
803 2285 950 2322 modum
976 2286 1063 2323 add.
1088 2286 1131 2321 in
1153 2297 1221 2331 my.
1249 2286 1346 2324 etin
1373 2286 1409 2321 B
1531 2285 1576 2320 10
1599 2287 1636 2320 te
1660 2285 1733 2320 inn.

214 2344 399 2389 intellegis
425 2345 527 2389 ('·igis
552 2347 635 2390 pm.)
663 2346 701 2380 11
722 2346 899 2390 intelligit
922 2345 986 2389 (-is
1005 2346 1092 2390 με.)
1115 2348 1153 2380 te
1177 2345 1252 2380 inn.
1277 2345 1313 2379 Β
1416 2345 1457 2380 11
1484 2346 1676 2390 patronum
1701 2343 1735 2378 L

217 2405 321 2448 egeat
348 2406 383 2437 et
408 2403 478 2437 LB
576 2404 808 2448 quadrantem
835 2405 870 2439 L
944 2405 987 2440 12
1013 2405 1199 2450 indignam
1225 2416 1249 2449 ς
1343 2404 1443 2449 nare]
1470 2406 1569 2439 tuam
1594 2414 1682 2438 naso
1700 2402 1735 2437 L

218 2461 260 2496 13
287 2460 459 2496 dissertus
487 2462 629 2497 Ila.r.D
655 2462 817 2498 desertus
849 2463 1004 2498 WXa.c.
1148 2463 1185 2497 in
1212 2472 1303 2497 eras.
1331 2463 1369 2497 11
1496 2462 1677 2497 numarios
1701 2461 1737 2496 B

216 2521 430 2555 nummerios
455 2520 557 2556 La.c.
586 2523 805 2556 numerarios
830 2522 881 2557 W
950 2522 994 2557 14
1020 2522 1070 2568 ea]
1097 2533 1166 2556 non
1195 2532 1233 2556 es
1252 2522 1355 2566 Bp.c.
1452 2521 1631 2566 irasceris]
1649 2520 1735 2556 add.

217 2577 271 2611 aio
299 2579 407 2622 (exp.)
432 2578 467 2612 B
564 2579 723 2614 clausum
748 2580 906 2623 (clausus
933 2581 1051 2626 IIa.c.)
1076 2579 1226 2614 LIIDB
1339 2591 1418 2625 cup.
1445 2591 1473 2614 s.
1498 2579 1586 2625 ign.]
1613 2580 1734 2625 eupios

216 2637 415 2682 uirginibus
441 2637 474 2671 L
562 2639 604 2672 15
631 2649 667 2672 es
694 2649 760 2673 om.
788 2638 821 2672 L
918 2650 939 2674 a
963 2650 991 2675 e.
1019 2640 1042 2674 l.
1068 2639 1103 2673 B
1190 2639 1234 2674 16
1258 2639 1403 2684 placent
1433 2638 1484 2674 W
1574 2639 1660 2673 laris
1691 2638 1739 2673 W

218 2696 260 2728 18
287 2706 509 2741 quocumque
534 2697 573 2730 D
694 2698 737 2732 19
763 2698 1014 2743 contorquitur
1040 2698 1306 2742 LW,Xa.c.‚D
1418 2697 1464 2732 20
1490 2702 1599 2743 satyr.
1627 2698 1738 2733 IIDB

217 2754 427 2798 scripturam
454 2758 490 2798 (a
515 2766 558 2789 ex
585 2765 603 2790 e
629 2756 704 2802 2⁷22)
737 2755 786 2790 W
876 2756 913 2790 in
939 2757 1060 2802 prosa]
1086 2757 1235 2802 inprobe
1262 2767 1303 2791 ac
1329 2757 1367 2791 Il
1388 2756 1537 2802 inprobe
1562 2767 1584 2801 p
1610 2756 1678 2792 hac
1703 2756 1736 2790 L

217 2812 257 2845 21
287 2811 421 2847 bellum
454 2813 502 2847 W
594 2813 749 2848 faustum
782 2814 832 2849 W
