1890 3282
254 388 312 430 VI

253 515 381 557 uolui.
431 514 643 557 Asterisco
688 515 885 556 notantur
926 513 955 554 ii
997 512 1080 555 loci
1123 511 1283 563 biblici,
1333 512 1405 566 qui
1449 524 1544 564 cum
1588 512 1772 557 editione

254 585 483 638 scripturae
521 596 675 635 sacrae,
721 595 826 637 quae
865 582 1019 625 dicitur
1061 582 1260 638 Uulgata‚
1299 594 1387 651 non
1418 581 1683 625 concordant.
1722 584 1769 627 In

254 656 453 709 apparatu
492 653 637 695 critico
676 651 915 707 significant
951 664 985 694 a.
1024 664 1080 694 c.:
1118 653 1229 693 ‘ante
1273 651 1601 702 correctionem,
1640 666 1682 707 p.
1715 665 1767 696 c.:

254 726 364 777 ‘post
394 723 719 772 correctionem',
747 734 782 764 a.
810 734 864 764 r.:
890 722 999 764 ‘ante
1025 726 1241 773 rasuram’‚
1268 735 1308 776 p.
1336 734 1389 764 r.:
1415 723 1527 776 ‘post
1551 728 1768 766 rasuram'.

310 792 519 848 lntegram
562 791 791 834 lectionum
834 791 1083 847 farraginem
1129 804 1153 833 a
1187 803 1256 833 me
1301 781 1530 834 enotatam‘
1553 793 1603 834 ut
1643 793 1770 835 nimis

251 863 451 916 prolixam
502 861 739 905 salubribus
794 861 934 904 lituris
990 873 1247 904 macrescere
1301 860 1431 904 iussit
1484 861 1768 917 Augustus

251 933 628 989 Engelbrecht‚
670 931 799 974 ‘cuius
848 931 1043 985 prudenti
1091 931 1250 974 iudicio
1295 931 1483 983 debetur,
1534 932 1647 986 quod
1688 932 1769 976 hoc

251 1003 446 1045 uolumen
490 1015 568 1045 non
614 1002 654 1044 in
698 1002 895 1045 maiorem
941 1002 1067 1044 etiam
1113 1002 1320 1045 ambitum
1362 1002 1506 1046 creuit.
1542 1002 1659 1045 Idem
1702 1002 1770 1045 uir

250 1073 520 1116 doctissimus
574 1073 925 1129 paragraphorum
981 1071 1168 1115 numeris
1215 1072 1258 1114 in
1306 1072 1494 1128 margine
1543 1073 1769 1128 adscriptis

248 1144 451 1186 lectorum
490 1142 705 1185 commodo
739 1141 963 1193 consuluit,
999 1142 1190 1184 locorum
1221 1155 1243 1185 e
1275 1154 1393 1185 sacra
1423 1142 1633 1198 scriptura
1661 1143 1768 1198 peti-

250 1217 386 1255 torum
425 1213 712 1256 collectionem
749 1225 884 1255 meam
923 1211 1042 1268 auxit
1069 1214 1113 1255 et
1142 1212 1398 1264 emendauit‚
1435 1213 1478 1256 in
1509 1212 1767 1269 con’igendis

251 1283 432 1338 plagulis
469 1283 629 1339 inpigre
667 1285 916 1337 strenueque
953 1295 1020 1325 me
1058 1282 1236 1333 adiuuit,
1280 1283 1379 1337 quin
1420 1283 1560 1335 etiam,
1604 1283 1678 1325 ubi
1715 1283 1767 1326 de
1801 1318 1804 1319 γ

251 1353 556 1396 difficilioribus
593 1353 697 1396 locis
735 1353 857 1396 aliter
892 1353 1098 1396 iudicauit
1134 1365 1259 1408 quam
1297 1366 1388 1410 ego,
1425 1366 1507 1408 quo
1540 1356 1608 1397 est
1637 1354 1765 1397 animi

250 1423 438 1475 candore,
488 1424 724 1478 opinionem
774 1436 892 1466 suam
941 1436 1022 1466 non
1065 1424 1368 1476 dissimulauit,
1417 1424 1530 1467 haud
1570 1425 1632 1467 ita
1672 1437 1766 1467 raro

250 1494 404 1536 rectius
443 1506 487 1536 se
524 1494 707 1536 iudicare
744 1494 847 1536 mihi
884 1494 1106 1549 persuasit.
1143 1493 1306 1538 Ceteris
1342 1494 1447 1538 uiris
1484 1494 1535 1537 de
1571 1495 1649 1537 hac
1680 1494 1764 1537 edi-

248 1564 360 1606 tione
391 1564 494 1606 bene
525 1564 685 1607 meritis
717 1577 794 1607 suo
825 1568 1014 1620 tempore
1044 1564 1213 1619 publice
1244 1565 1402 1620 gratias
1434 1570 1568 1621 agam.

309 1689 660 1743 Cernouiciis‚
691 1704 834 1734 mense
865 1691 1091 1743 Februario
1124 1693 1218 1735 anni
1249 1691 1429 1735 MCMX.

1237 1888 1452 1932 Isidorus
1486 1887 1702 1943 Hilberg.
