1884 3254
2 1174 23 1207 f

4 1270 14 1302 ’ἓ

8 1407 91 1453 {15

641 290 846 337 Epistula
871 291 966 326 va
992 292 1131 327 16-18
1567 297 1651 338 639

119 431 224 472 quos
265 419 533 461 dominantur
570 422 612 461 et
648 421 837 474 regnant,
877 420 1016 463 indico
1055 421 1148 471 tibi,
1187 421 1300 475 quod
1334 424 1376 464 et
1413 422 1518 465 deus
1550 426 1652 466 tuus

119 489 176 530 sit
214 491 256 531 et
293 490 444 532 debeas
483 489 652 531 adorare
691 502 800 532 eum.
840 491 1111 546 septuaginta
1147 492 1398 547 interpretes
1430 505 1510 535 non
1543 493 1649 536 dixe·
1690 499 1710 530 5

117 562 215 602 runt
246 560 498 602 adorabis
532 573 659 610 eum,
694 550 768 602 sed
801 561 1103 604 adorabunt
1144 575 1271 612 eum,
1304 566 1354 606 ut
1385 564 1443 606 sit
1478 577 1649 607 sensus:

115 631 212 681 isle,
246 631 318 684 qui
348 634 391 673 te
417 633 635 673 amaturus
662 634 740 682 est,
771 632 845 685 qui
871 634 988 674 tuam
1016 633 1374 687 pulchritudinem
1403 634 1650 685 dilecturus,

118 702 221 744 deus
254 703 320 744 est
351 704 394 743 et
425 701 660 744 adorandus
693 702 742 744 ab
769 703 1025 745 hominibus.
1059 704 1170 758 quod
1197 705 1247 746 de
1274 706 1453 748 ecclesia
1479 718 1527 748 ex
1552 719 1647 761 gen-

116 773 232 815 tibus
265 775 518 827 congregata
544 773 831 827 exposuimus,
863 775 1156 829 unusquisque
1181 775 1234 817 ad
1260 789 1304 818 se
1330 776 1470 830 ipsum
1497 777 1651 819 referat

116 843 380 898 animamque
407 844 629 894 credentis,
664 844 777 898 quod
802 845 1012 899 prioribus
1037 846 1157 888 uitiis
1185 846 1397 888 derelictis
1425 847 1651 902 adoptetur

115 915 157 956 in
191 915 335 965 filiam,
367 914 545 956 inclinet
583 927 726 957 aurem
758 928 892 966 suam,
927 916 1206 958 obliuiscetur
1236 917 1394 959 ueteris
1428 930 1648 960 conuersa-

114 986 243 1027 tionis
278 987 320 1027 et
351 998 448 1028 cum
480 986 672 1040 apostolo
706 986 895 1028 dimittat
924 990 1138 1029 mortuum
1171 989 1333 1041 patrem
1366 989 1408 1030 et
1438 988 1567 1030 talem
1603 1001 1647 1030 se

116 1056 327 1110 praebeat,
361 1056 433 1109 qui
465 1059 631 1098 ametur
661 1070 685 1098 a
714 1070 827 1112 rege.
854 1058 946 1112 ipse
980 1061 1045 1100 est
1075 1058 1185 1100 enim
1219 1058 1415 1100 dominus
1448 1058 1552 1110 eiuS,
1579 1059 1647 1101 cui

115 1127 283 1169 flectere
323 1127 474 1169 debeat
511 1140 621 1182 genu
660 1130 703 1170 et
739 1128 933 1182 deposita
971 1129 1169 1184 superbia
1205 1129 1356 1184 iugum
1388 1129 1645 1172 humilitatis

115 1197 348 1240 adsumere.

177 1270 243 1311 17.
275 1270 588 1324 Interrogemus
618 1270 810 1321 Iudaeos,
844 1283 950 1324 quae
983 1271 1040 1312 sit
1068 1272 1153 1313 ista
1177 1270 1276 1322 filia,
1310 1270 1360 1312 ad
1387 1283 1512 1324 quam
1540 1270 1644 1312 deus

114 1341 313 1394 loquitur.
338 1353 418 1383 non
447 1340 609 1391 dubito,
638 1341 737 1394 quin
765 1354 1022 1396 synagogam
1047 1341 1338 1396 respondeant.
1366 1343 1408 1383 et
1433 1341 1643 1394 quomodo

117 1411 272 1453 dicitur
297 1424 533 1466 synagogae
561 1414 604 1453 et
627 1411 893 1454 Israhelitico
926 1413 1103 1466 populo:
1138 1411 1355 1454 dimitte
1386 1413 1641 1466 populum

115 1485 262 1523 tuum
297 1484 347 1524 et
379 1482 585 1524 domum
617 1482 791 1536 patris
818 1483 930 1524 tui?
963 1483 1171 1536 numquid
1196 1483 1448 1536 derelinquit
1474 1484 1643 1536 gentem

114 1553 348 1595 Hebraeam
375 1556 418 1595 et
441 1554 668 1604 Abraham,
695 1553 914 1608 antiquum
946 1556 1106 1608 patrem
1117 1556 1144 1596 ’θ’
1170 1554 1207 1595 81
1239 1553 1419 1595 dixerint
1444 1553 1494 1595 de
1519 1565 1641 1600 uoca-

113 1625 228 1667 tione
259 1624 488 1680 significari
519 1625 744 1680 Abraham,
784 1625 882 1678 quia
914 1624 1147 1667 Chaldaeos
1179 1624 1410 1678 reliquerit,
1450 1623 1544 1677 quis
1578 1625 1644 1664 est

114 1695 194 1738 iste
225 1708 307 1744 rex,
341 1696 414 1749 qui
446 1698 663 1738 amaturus
696 1698 762 1738 est
792 1695 986 1737 decorem
1009 1696 1253 1738 Abraham?
1286 1697 1396 1736 certe
1428 1694 1537 1736 alius
1563 1695 1642 1744 est,

57 1785 64 1793 ·
118 1766 190 1820 qui
215 1766 422 1820 loquitur:
456 1766 593 1818 audi,
626 1764 764 1817 filia,
797 1769 839 1808 et
863 1766 988 1827 alius,
1021 1766 1072 1808 de
1104 1778 1186 1819 quo
1219 1765 1424 1819 loquitur:
1458 1777 1642 1807 concu-

114 1838 296 1892 piscet
325 1850 412 1879 rex
444 1837 685 1879 decorem
716 1840 878 1879 tuum.
919 1837 992 1891 qui
1024 1837 1132 1878 alius
1165 1848 1245 1878 non
1278 1836 1416 1878 solum
1448 1848 1529 1886 rex,
1569 1835 1643 1877 sed

117 1912 158 1951 et
190 1909 384 1950 dominus
418 1911 460 1950 et
491 1909 596 1951 deus
629 1911 708 1960 est,
741 1908 814 1962 qui
845 1908 1083 1950 adorandus
1115 1909 1194 1951 est.

178 1980 244 2021 18.
278 1979 421 2021 Filia
451 1979 590 2034 Tyri,
623 1980 673 2021 in
706 1979 1022 2022 muneribus
1049 1979 1262 2020 uultum
1289 1979 1437 2019 tuum
1465 1977 1643 2031 depre-

236 2141 257 2175 9
284 2141 330 2176 cf.
356 2141 487 2177 Matth.
514 2142 547 2185 8,
570 2142 619 2176 22
646 2143 713 2176 etc.
849 2141 891 2175 15
919 2140 1000 2175 *Ps.
1026 2140 1084 2183 44,
1114 2139 1153 2175 11
1282 2138 1324 2173 18
1351 2138 1395 2174 cf.
1422 2138 1510 2174 Gen.
1540 2138 1594 2176 12.
1624 2138 1640 2173 1

116 2200 162 2235 20
187 2200 248 2235 Ps.
273 2200 330 2245 44,
359 2201 399 2236 11
498 2201 557 2235 Ρ8.
583 2201 642 2246 44,
670 2200 713 2235 12
787 2199 832 2235 23
859 2199 940 2234 ssps.
966 2199 1025 2243 44,
1054 2199 1097 2234 13
1429 2201 1431 2203 '

167 2296 183 2329 1
213 2294 308 2340 quod
333 2306 377 2330 ex
403 2306 472 2340 quo
499 2295 604 2330 m2X
626 2305 695 2339 quo
722 2293 772 2328 W
840 2294 862 2327 2
889 2293 938 2327 sit
963 2303 1007 2328 ex
1032 2292 1125 2326 sicut
1144 2291 1179 2326 L
1277 2291 1346 2326 dix.
1373 2292 1410 2326 et
1433 2302 1458 2336 g
1529 2291 1551 2326 3
1579 2291 1644 2325 alt.

118 2365 197 2389 eum
223 2365 292 2390 om.
317 2354 369 2388 W
435 2354 458 2389 4
485 2354 730 2389 delectaturus
756 2348 845 2397 'LB;
872 2352 959 2389 add.
986 2355 1041 2387 est
1065 2350 1116 2386 W
1179 2352 1201 2386 5
1226 2350 1335 2396 110111.]
1361 2349 1527 2385 omnibus
1553 2349 1649 2385 WM

118 2415 174 2459 ex]
203 2413 246 2448 de
278 2413 414 2465 WXM
496 2414 517 2448 6
543 2414 660 2458 ipsum
687 2423 756 2448 om.
782 2413 818 2446 B
892 2413 911 2446 7
939 2411 1130 2456 animaque
1155 2409 1267 2455 Μμο.
1366 2408 1462 2455 quod
1487 2419 1532 2444 ex
1557 2412 1647 2454 quot

117 2473 222 2508 m2X
245 2473 329 2518 quia
354 2477 387 2508 et
412 2484 504 2518 quae
530 2483 574 2508 ea:
600 2472 696 2518 quod
720 2471 769 2506 M
881 2470 1063 2505 derelictis
1089 2480 1157 2505 om.
1183 2469 1218 2504 L
1314 2468 1510 2514 adoptatur
1534 2468 1647 2513 Mp.c.

119 2533 140 2568 8
165 2544 265 2567 suam
291 2535 329 2567 et
352 2532 402 2566 M
481 2535 624 2566 ueteres
650 2530 943 2566 conuersationes
974 2529 1026 2564 W
1096 2529 1139 2563 10
1167 2528 1243 2574 qui]
1270 2539 1362 2573 quae
1386 2527 1498 2571 Mpae.
1573 2527 1646 2571 cui]

119 2592 178 2636 qui
203 2603 228 2636 ς
301 2592 342 2626 11
371 2591 482 2626 debet
511 2590 603 2626 WM
679 2591 721 2624 13
747 2590 821 2635 loq.
848 2589 935 2623 deus
959 2600 983 2633 g
1057 2588 1100 2623 15
1127 2588 1177 2633 et]
1206 2586 1250 2622 ab
1276 2587 1312 2621 B
1399 2586 1441 2621 16
1467 2584 1647 2630 relinquid

119 2650 311 2690 LB‚Xa.c.
338 2651 520 2695 relinquet
546 2650 651 2694 Xp.c.
679 2649 908 2693 derelinquet
932 2659 966 2693 ς,
993 2658 1060 2682 om.
1091 2646 1143 2682 W
1215 2646 1258 2681 17
1288 2645 1414 2681 ebraee
1447 2645 1498 2680 W
1583 2644 1647 2679 ha·

117 2710 264 2746 braham
280 2711 319 2745 X
386 2709 515 2744 dixerit
533 2708 671 2744 WXM
718 2708 761 2743 18
780 2707 985 2753 significare
1004 2706 1056 2741 W
1119 2706 1217 2751 quia]
1240 2706 1301 2750 qui
1314 2715 1338 2749 g
1405 2703 1547 2739 caldeos
1566 2703 1650 2738 WB

118 2769 340 2814 relinquerat
364 2772 400 2811 (n
427 2770 534 2812 eras.)
567 2768 617 2802 W
676 2768 718 2802 19
745 2767 817 2802 abr.
846 2766 1011 2801 decorem
1037 2767 1110 2808 (-re
1134 2765 1187 2808 B)
1213 2764 1284 2798 LB
1358 2764 1412 2798 est
1438 2762 1531 2798 alius
1557 2761 1652 2796 WM

120 2828 165 2863 20
192 2828 279 2873 Ιο(1.]
307 2828 443 2873 legitur
459 2827 503 2861 ’Β
612 2827 654 2861 21
685 2837 744 2861 rex
770 2837 837 2861 om.
872 2825 922 2860 W
1031 2825 1077 2859 22
1104 2824 1169 2859 alt.
1198 2826 1236 2858 et
1260 2834 1288 2858 8.
1316 2822 1338 2857 Ζ.
1365 2821 1475 2863 m213,
1501 2831 1570 2856 om.
1603 2820 1653 2855 W

121 2887 196 2933 qui]
224 2887 309 2933 quia.
334 2889 374 2929 (s.
402 2887 426 2921 l.
454 2886 539 2921 add.
565 2888 629 2920 m2
654 2886 702 2928 et)
729 2885 763 2919 B
836 2885 882 2919 23
909 2884 1004 2919 filiae
1030 2882 1122 2918 LW
1213 2882 1290 2916 tirii
1317 2881 1351 2915 B
