1884 3254
270 248 327 289 68
815 242 965 278 Sancti
991 240 1244 285 Hieronymi

973 369 1087 411 XVL

834 462 911 505 AD
944 460 1235 504 DAMARUM.

334 562 372 603 1.
406 561 633 613 Inportuna
669 558 710 599 in
750 556 967 612 euangelio
1007 555 1160 598 mulier
1194 554 1363 597 tandem
1395 553 1720 600 meruitaudiri
1750 555 1795 598 et
1839 568 1846 609 g

272 630 391 672 eluso
430 642 526 672 oum
566 627 701 670 seruis
741 626 863 678 ostio,
896 625 1039 681 media¹
1070 625 1173 667 licet
1207 626 1345 676 nocte,
1378 625 1429 667 ab
1462 624 1597 668 amico
1629 625 1832 673 amicus*

271 712 400 754 panes
432 698 612 751 accepit;
646 697 748 739 deus
779 696 885 751 ipse,
912 695 984 750 qui
1015 695 1144 737 nullis
1176 697 1321 738 eontra
1345 707 1390 738 se
1417 695 1606 750 superari
1628 695 1802 745 uiribus

272 770 428 824 potest,
461 767 675 823 publicani
706 766 904 820 precibus
935 765 1140 815 uincitur3
1174 764 1338 808 Nineue
1370 765 1538 818 ciuitas,
1571 760 1678 820 quae
1701 765 1847 823 pec-J
1840 759 1843 762 “

273 840 368 881 cato
406 838 543 892 periit,
587 837 756 880 fletibus
801 836 932 878 stetit
972 848 1171 890 quorsum
1208 835 1292 878 ista
1327 837 1416 878 tam
1451 835 1579 891 longo
1615 835 1849 892 repetita}

273 908 516 963 prooemio?
559 907 770 958 uidelicet,
813 908 863 949 ut
903 919 1081 960 paluum
1124 918 1303 962 magnus
1347 906 1542 961 aspicias,
1585 907 1636 949 ut
1676 906 1802 958 diues
1831 907 1850 961 ἴῖ

276 981 418 1033 pastor
449 977 680 1020 morbidam
707 990 788 1019 non
815 978 1057 1019 contemnas
1090 989 1225 1019 ouem.
1258 975 1452 1020 Christus
1483 976 1525 1018 in
1556 976 1800 1030 paradisum

277 1049 328 1091 de
365 1061 488 1091 eruce
531 1048 737 1091 latronem
779 1047 881 1090 tulit
922 1049 977 1098 et,
1022 1059 1074 1089 ne
1118 1046 1212 1101 quis
1258 1046 1481 1102 aliquando
1526 1058 1662 1089 seram
1705 1059 1799 1092 con-

276 1119 515 1162 uersionem
546 1120 727 1173 putaret,
759 1117 861 1160 fecit
892 1116 1110 1160 homicidii
1140 1129 1277 1171 poena
1299 1117 1561 1172 martyrium.
1589 1116 1806 1165 christus..
1840 1102 1851 1173 ξ

274 1189 461 1243 inquam,
499 1188 724 1243 prodigum
767 1187 902 1229 filium
944 1189 1226 1230 reuertentem
1268 1187 1407 1230 laetus
1451 1187 1722 1243 amplectitur
1757 1188 1804 1231 et
1844 1176 1851 1237 ξ

274 1259 502 1314 nonaginta
535 1272 689 1302 nouem
721 1258 835 1300 sanis
861 1258 1097 1312 pecudibus
1129 1257 1342 1300 derelictis
1374 1270 1458 1300 una
1484 1257 1666 1311 ouieuIa,
1693 1269 1802 1313 quae

276 1331 552 1381 remanserat,
582 1329 740 1371 umeris
771 1329 871 1371 boni
901 1321 1084 1383 pastoris
1123 1328 1359 1372 aduehitur.
1391 1329 1551 1371 Paulus
1585 1341 1633 1371 ex
1661 1341 1802 1384 perse-

397 1456 419 1490 3
446 1455 490 1491 cf.
515 1455 648 1490 Matth.
676 1455 733 1495 15,
758 1454 899 1490 21—28
927 1457 995 1490 etc.
1057 1455 1080 1489 4
1106 1454 1150 1489 cf.
1175 1454 1260 1490 Luc.
1289 1455 1345 1497 11,
1373 1454 1466 1490 5-“8
1528 1457 1550 1490 5
1575 1455 1621 1491 cf.
1639 1455 1726 1491 Luc.
1745 1455 1804 1500 19,

281 1514 376 1549 8—9
497 1515 518 1549 6
545 1514 588 1549 of.
614 1515 691 1549 Ion.
717 1514 750 1558 3,
778 1514 821 1549 10
941 1514 962 1549 9
989 1513 1034 1549 of.
1059 1514 1144 1550 Luc.
1170 1514 1227 1559 23,
1252 1515 1298 1549 43
1421 1514 1463 1549 11
1491 1513 1535 1549 cf.
1560 1513 1645 1552 Luc.
1674 1515 1729 1557 15,
1754 1513 1803 1550 20
1836 1546 1839 1547 γ

285 1573 330 1608 13
356 1574 400 1610 ef.
426 1573 512 1608 Luc.
542 1574 595 1617 15,
622 1573 644 1608 5
723 1574 767 1609 14
792 1573 843 1622 cf.
862 1572 941 1608 Act.
970 1584 1046 1618 cap.
1072 1573 1094 1608 9
1584 1573 1587 1575 ’
1639 1575 1642 1579 ’

427 1655 471 1689 Κ
501 1671 544 1684 =
572 1654 820 1700 Spinaliensis
848 1657 900 1690 68
921 1665 950 1689 s.
984 1655 1097 1690 VIII.

428 1713 462 1748 L
500 1730 543 1734 —-
501 1713 800 1749 -C'oloniensis
827 1716 878 1749 35
901 1724 930 1749 8.
955 1714 1028 1748 IX.

412 1773 462 1807 ’Σ
499 1788 543 1802 =
575 1772 781 1807 Turicensis
804 1772 1000 1818 Auqiensis
1027 1773 1071 1807 41
1095 1783 1123 1807 s.
1148 1773 1222 1807 IX

425 1831 466 1866 D
497 1847 541 1852 -
574 1831 779 1866 Vaticanus
803 1832 868 1866 lat.
894 1830 1122 1877 3554-356
1145 1842 1172 1867 s.
1199 1831 1360 1866 IX—X.

427 1890 463 1924 B
498 1905 542 1919 =
569 1890 819 1925 Berolinensis
844 1890 909 1924 lat.
934 1890 983 1925 18
1006 1901 1035 1924 ε.
1062 1890 1159 1925 XII.
1492 1899 1512 1912 ‘

428 1947 458 1983 S
499 1964 543 1978 =
576 1948 866 1984 Vindobonensis
892 1950 956 1985 lat.
985 1950 1064 1984 746
1086 1959 1114 1985 s.
1141 1949 1262 1985 XIII.

331 2054 355 2088 2
375 2052 421 2088 ad
440 2053 624 2088 damasum
644 2054 678 2088 L
698 2054 743 2088 ad
764 2054 946 2089 damasum
967 2054 1174 2100 episcopum
1193 2054 1238 2089 K
1253 2054 1298 2089 ad
1318 2054 1502 2090 damasum
1521 2055 1741 2099 (damassum
1762 2055 1807 2100 2)

285 2121 416 2157 papam
447 2111 542 2146 unde
575 2115 630 2154 (ut
661 2112 703 2156 S)
735 2123 843 2158 supra
875 2112 934 2148 ΣΒ
963 2112 1009 2148 ad
1039 2123 1169 2158 papam
1201 2113 1385 2148 damasum
1417 2112 1511 2148 unde
1549 2124 1658 2158 supra
1687 2113 1728 2148 D
1759 2113 1805 2149 ad

286 2172 437 2205 eundem
463 2182 594 2216 papam
622 2171 806 2206 damasum
832 2172 886 2215 B;
911 2172 1129 2217 Hieronymi
1150 2183 1282 2207 nomen
1312 2171 1482 2207 exhibent
1507 2172 1608 2207 tituli
1632 2173 1674 2208 in
1700 2171 1810 2218 Las

284 2229 476 2272 (eiusdem)
526 2230 547 2264 3
567 2230 773 2275 importuno
788 2230 818 2266 S
888 2231 973 2266 mul.
988 2231 1024 2266 iu
1043 2242 1097 2266 eu.
1111 2231 1148 2265 B
1219 2231 1359 2276 mulier]
1380 2242 1469 2266 anus
1483 2230 1527 2266 K
1570 2232 1592 2266 4
1607 2231 1728 2267 clauso
1741 2230 1811 2267 BS

286 2287 376 2322 seris
397 2287 426 2322 S
508 2289 602 2322 ostia
626 2289 665 2323 D
696 2291 799 2324 usteo
825 2289 868 2324 K
896 2290 1016 2324 hostio
1043 2291 1076 2325 Σ
1102 2290 1141 2333 (h
1166 2291 1284 2335 eras),
1309 2290 1377 2326 BS
1460 2290 1504 2325 ab
1530 2290 1645 2326 amico
1670 2291 1808 2327 amicus

286 2356 399 2390 panes
431 2347 556 2391 (panes
590 2347 723 2381 amicus
748 2347 903 2391 LDBS)
931 2348 1115 2384 KLDBS
1143 2360 1164 2384 a
1190 2350 1313 2393 (eras.)
1346 2360 1456 2395 panes
1482 2349 1526 2384 ab
1559 2349 1673 2385 amieo
1706 2351 1750 2394 (s.
1781 2349 1805 2384 1.

287 2405 438 2449 amicus)
465 2405 497 2439 Σ
546 2406 566 2439 5
592 2406 725 2440 nullius
751 2406 781 2441 S
859 2409 996 2452 contra]
1023 2408 1120 2443 intra
1144 2408 1175 2443 S
1250 2409 1318 2443 uir.
1344 2419 1422 2454 sup.
1445 2419 1471 2453 ς
1542 2419 1708 2454 superare
1732 2408 1809 2444 LD

287 2464 311 2498 6
337 2464 492 2498 ninneue
518 2466 640 2508 (corr.)
668 2466 700 2499 Σ
719 2466 866 2515 ninniue
892 2467 931 2501 1)
955 2468 1075 2502 niniue
1101 2466 1169 2502 BS
1262 2468 1323 2513 qui
1346 2467 1391 2503 K
1460 2468 1480 2503 7
1507 2467 1690 2513 quorsum]
1718 2478 1808 2512 quo·
1829 2461 1832 2464 ¹

288 2522 395 2557 modo
421 2525 506 2558 sunt
531 2522 691 2568 Sperne
715 2536 776 2559 cur
801 2528 886 2560 sunt
909 2526 964 2569 (in
987 2537 1053 2571 my.
1081 2537 1246 2571 quorsum
1265 2527 1339 2572 m2)
1361 2527 1394 2562 Σ
1435 2527 1458 2562 8
1477 2527 1658 2572 prooemio
1676 2526 1810 2572 scripsi
1830 2530 1832 2534 ’

287 2581 448 2626 praemio
465 2581 509 2616 K
531 2582 708 2628 principio
735 2587 798 2618 cet.
873 2595 997 2629 parum
1017 2585 1200 2626 LD,Za.c.
1272 2597 1442 2631 magnum
1459 2585 1607 2630 1),Σα.ο.
1657 2587 1679 2621 9
1703 2596 1808 2632 para-

288 2638 369 2674 diso
395 2639 425 2675 S
490 2640 534 2675 10
560 2640 703 2685 quidem
731 2641 774 2676 de
799 2641 835 2675 B
923 2642 1010 2677 tulit
1029 2643 1248 2687 K‚Ba.e.m2
1266 2644 1392 2678 intulit
1410 2647 1471 2679 eet.
1553 2643 1755 2679 uersionem
1773 2642 1809 2678 L

291 2697 333 2731 11
362 2698 449 2733 fecit
472 2698 508 2733 in
534 2699 570 2733 B
667 2711 819 2745 poenam
837 2701 1076 2746 Enqelbreeht
1170 2703 1353 2738 martirem
1371 2703 1408 2737 B
1482 2702 1525 2738 12
1550 2702 1680 2748 filium]
1704 2713 1809 2738 suum

289 2755 326 2789 B
405 2757 644 2803 conplectitur
668 2758 737 2793 LE
788 2759 831 2794 13
857 2760 953 2794 sanis
978 2760 1102 2803 ΚΒ,Σ
1120 2761 1222 2805 (add.
1246 2762 1287 2796 in
1312 2772 1378 2807 my.
1404 2763 1492 2806 m2),
1518 2772 1585 2797 om.
1612 2765 1676 2797 cet.
1750 2772 1808 2796 ou.

291 2824 360 2848 una
387 2815 421 2848 B
497 2815 540 2850 14
564 2815 722 2851 humeris
748 2817 850 2853 codd.
870 2822 1019 2862 praeter
1043 2818 1086 2853 K
