1884 3254
243 261 328 302 538
786 257 938 292 Sancti
964 256 1221 301 Hieronymi

235 387 381 438 oratio,
419 387 459 428 in
494 399 576 440 qua
612 388 776 427 tantum
814 385 944 426 uerba
979 383 1214 426 laudantur.
1252 386 1468 438 praeterea
1504 396 1656 439 magna
1693 388 1758 428 est

234 471 372 501 rerum
405 456 702 510 consequentia
733 457 775 496 et
806 454 984 496 alterum
1016 453 1170 508 pendet
1201 466 1249 496 ex
1279 454 1422 497 altero.
1453 454 1657 508 quidquid
1688 455 1758 498 ad-

236 527 482 582 sumpseris,
524 526 593 568 uel
630 525 724 567 finis
763 524 1026 578 superiorum
1061 524 1133 566 uel
1169 524 1335 566 initium
1375 525 1639 579 sequentium
1677 529 1756 568 est.

235 598 331 640 felix
351 596 628 646 Theodosius,
656 596 728 649 qui
753 608 777 637 a
801 595 879 637 tali
899 594 1057 637 Christi
1076 597 1237 637 oratore
1257 594 1508 637 defenditur.
1532 595 1757 639 illustrasti

235 680 439 722 purpuras
473 659 638 708 eius*et
669 665 896 719 utilitatem
928 666 1071 721 legum
1101 664 1256 708 futuris
1282 665 1462 708 saeculis
1489 666 1755 708 consecrasti.
1797 678 1815 706 ο

236 740 371 780 macte
409 737 587 779 uirtute:
628 735 699 790 qui
736 730 839 777 talia
875 735 1004 777 habes
1040 735 1292 785 rudimenta,
1331 736 1468 789 qualis
1505 736 1756 779 exercitatus

235 809 358 851 miles
387 808 502 850 eris!
542 820 565 850 o
606 807 640 849 si
678 806 783 848 mihi
819 806 968 848 liceret
1002 806 1128 848 istius
1164 805 1279 848 modi
1314 806 1527 861 ingenium
1566 819 1646 849 non
1684 819 1758 862 per

234 879 390 921 Aonios
415 880 578 920 montes
606 879 648 919 et
672 876 886 919 Heliconis
913 876 1107 926 uertices,
1139 878 1188 918 ut
1211 878 1359 930 poetae
1385 879 1552 927 canunt,
1586 877 1661 919 sed
1684 889 1757 932 per

236 949 335 991 Sion
366 951 407 991 et
438 948 669 1002 Itabyrium
696 948 743 989 et
774 946 873 989 Sina
911 948 954 988 et
990 947 1154 989 excelsa.
1185 946 1336 989 ducere
1373 947 1687 1000 scripturarum,
1719 947 1757 989 si

235 1019 493 1073 contingeret
530 1018 690 1067 docere,
724 1029 828 1071 quae
861 1016 1002 1068 didici,
1041 1019 1082 1059 et
1120 1016 1239 1071 quasi
1276 1029 1348 1071 per
1377 1029 1526 1060 manus
1556 1018 1756 1072 mysteria
1780 1029 1816 1058 ιο

234 1089 394 1131 tradere
437 1088 748 1142 prophetarum,
798 1089 1038 1134 nasceretur
1085 1087 1205 1129 nobis
1255 1087 1428 1141 aliquid,
1478 1087 1591 1141 quod
1633 1088 1756 1131 docta
1869 1137 1870 1143 ἵ

236 1159 410 1202 Graecia
442 1171 521 1200 non
554 1158 736 1200 haberet.
1350 1149 1352 1152 ’
1860 1142 1871 1206 1

293 1231 332 1273 9.
366 1229 477 1271 Audi
504 1232 617 1283 ergo,
648 1228 707 1270 mi
733 1241 947 1279 conseruo,
974 1228 1120 1278 amice,
1149 1241 1356 1284 germane,
1383 1230 1575 1274 ausculta
1599 1229 1752 1284 paulis·
1864 1223 1869 1260 ⁴

235 1313 320 1354 per,
365 1312 446 1353 quo
490 1299 533 1340 in
577 1299 796 1353 scripturis
840 1299 996 1341 sanctis
1041 1299 1144 1342 calle
1190 1299 1405 1354 gradiaris.
1446 1301 1600 1350 totum,
1643 1299 1753 1353 quod
1867 1306 1868 1310 ’

232 1370 413 1424 legimus
458 1370 499 1411 in
543 1369 698 1411 diuinis
740 1369 874 1416 libris.
916 1369 1024 1411 nitet
1065 1369 1234 1423 quidem
1278 1371 1321 1411 et
1362 1369 1499 1424 fulget
1541 1370 1666 1412 etiam
1710 1371 1752 1412 in
1778 1381 1814 1410 15

234 1440 401 1491 cortice,
440 1439 513 1481 sed
545 1439 710 1482 dulcius
741 1440 782 1481 in
814 1427 1000 1481 medulla
1031 1441 1109 1481 est.
1149 1440 1221 1493 qui
1251 1452 1344 1481 esse
1383 1440 1477 1482 uult
1513 1440 1752 1491 nuculeum,
1859 1428 1866 1479 1

234 1510 387 1565 frangit
427 1522 591 1552 nucem.
642 1510 839 1560 reuela,
887 1510 1025 1563 inquit
1068 1510 1219 1559 Dauid,
1271 1511 1460 1553 oculos
1509 1523 1652 1553 meos
1702 1513 1754 1553 et-
1859 1497 1866 1566 ξ

234 1580 588 1622 considerabo
621 1579 901 1622 mirabilia
933 1580 991 1622 de
1023 1581 1142 1636 lege
1174 1583 1275 1623 tua.
1309 1581 1346 1623 si
1378 1583 1518 1623 tantus
1551 1580 1754 1636 propheta
1856 1570 1865 1590 ⁵

232 1651 423 1692 tenebras
466 1651 725 1705 ignorantiae
769 1651 1002 1701 confitetur,
1053 1663 1137 1705 qna
1178 1664 1252 1693 nos
1297 1653 1420 1705 putas
1463 1651 1662 1706 paruulos
1711 1653 1754 1693 et

232 1733 361 1773 paene
385 1721 588 1763 lactantes
614 1721 807 1763 inscitiae
832 1724 953 1764 nocte
980 1721 1256 1764 circumdari?
1289 1722 1370 1764 hoc
1395 1724 1537 1764 autem
1563 1721 1752 1764 uelamen
1772 1734 1808 1763 eo

233 1803 311 1832 non
339 1792 475 1832 solum
502 1791 542 1833 in
569 1792 674 1834 facie
700 1792 852 1846 Moysi,
881 1792 953 1834 sed
979 1794 1020 1834 et
1045 1793 1085 1834 in
1113 1793 1387 1848 euangelistis
1415 1795 1457 1835 et
1481 1793 1522 1835 in
1549 1791 1751 1846 apostolis

352 1926 394 1961 16
423 1925 465 1962 cf.
491 1926 643 1961 Plautus
671 1926 771 1962 Cure.
797 1928 843 1963 55
961 1928 1003 1963 17
1029 1928 1086 1963 Ps.
1116 1928 1193 1972 118,
1225 1928 1265 1963 18
1384 1929 1429 1964 20
1455 1929 1498 1964 cf.
1523 1929 1585 1964 Ex.
1612 1929 1668 1968 34.
1694 1929 1750 1965 33.

235 1984 269 2018 11
296 1983 374 2019 Cor.
401 1985 433 2027 3,
462 1984 600 2020 13—18

282 2067 297 2100 1
328 2077 396 2111 qua
421 2066 525 2111 tant]
555 2067 729 2111 quantum
758 2067 813 2101 ΦῙῡ
884 2066 1032 2102 uerbum
1063 2069 1094 2102 Φ
1165 2067 1334 2109 laudatur
1358 2067 1399 2102 N
1456 2069 1478 2102 2
1506 2067 1633 2113 pendit
1656 2067 1752 2102 PDk

232 2125 359 2170 altero]
387 2125 535 2160 alterius
566 2126 598 2159 Φ
700 2126 816 2172 quicq.
844 2126 1050 2171 Pp.e.NkB
1146 2126 1343 2162 adsumeris
1374 2128 1406 2161 Φ
1499 2127 1521 2162 3
1546 2127 1629 2162 finis
1653 2127 1690 2162 in
1720 2128 1752 2162 Φ

230 2184 254 2218 4
278 2183 488 2218 theudosius
519 2185 550 2218 Φ
623 2213 626 2217 ,
687 2195 708 2218 a
734 2195 801 2220 om.
827 2185 850 2220 k
981 2186 1002 2220 5
1028 2196 1183 2231 purpura
1213 2186 1245 2220 Φ
1380 2185 1493 2221 futuri
1518 2185 1628 2221 seculi
1651 2185 1750 2221 DkB

232 2241 252 2276 6
278 2242 424 2277 uirtutis
455 2242 666 2287 Φ,Βρ.ε.υι2
799 2244 974 2278 exercitus
997 2244 1037 2278 D
1157 2245 1178 2279 8
1203 2244 1328 2279 aonius
1358 2245 1390 2278 Φ
1507 2243 1691 2279 helicones
1719 2245 1752 2278 Φ

231 2300 379 2335 eliconis
405 2301 475 2335 k.B
500 2302 525 2343 (i
553 2301 616 2338 alt.
643 2312 687 2336 ex
713 2310 730 2336 e
755 2304 831 2345 m2)
857 2302 1012 2337 elieones
1035 2302 1075 2337 D
1195 2302 1216 2337 9
1242 2313 1329 2347 syon
1354 2302 1377 2337 k
1518 2302 1662 2337 ithabir.
1688 2301 1751 2338 Mc

231 2357 410 2402 inthabyr.
435 2358 474 2392 D
499 2358 617 2404 italyr.
647 2360 679 2393 Φ
751 2370 839 2405 syna
862 2359 961 2394 ΒΦλ·
985 2360 1064 2396 sina
1087 2360 1123 2394 P
1194 2364 1271 2396 tert.
1298 2363 1334 2395 et
1359 2371 1426 2396 om.
1452 2361 1475 2396 k
1547 2371 1690 2396 excessa
1713 2360 1750 2395 B

231 2416 352 2461 script.
378 2427 446 2451 om.
470 2428 494 2461 g
569 2417 611 2452 10
637 2418 798 2453 misteria
818 2418 995 2454 Ρα.ε.ΦΒ
1069 2419 1111 2454 11
1137 2417 1277 2454 tradere
1299 2420 1331 2454 Φ
1424 2419 1566 2464 proph]
1593 2419 1747 2465 scriptu-

230 2485 345 2508 rarum
371 2486 395 2519 g
446 2475 488 2509 13
514 2475 574 2521 mi]
601 2486 656 2511 me
688 2476 780 2511 DkB
853 2477 1017 2512 absculta
1041 2477 1085 2512 N
1105 2477 1291 2512 aubsculta
1315 2478 1352 2522 (b
1379 2479 1485 2521 eras.)
1510 2477 1533 2512 k
1582 2477 1628 2512 14
1653 2477 1746 2522 quod

234 2534 266 2567 Φ
361 2535 495 2569 sanctis
522 2545 588 2570 om.
616 2536 637 2569 lc
735 2536 778 2570 15
804 2535 914 2581 fulgit
939 2536 1140 2572 Pa.c.m2D
1233 2536 1275 2572 16
1302 2539 1357 2572 est
1381 2537 1418 2571 in
1442 2536 1534 2573 med.
1562 2536 1597 2571 Β
1693 2538 1748 2571 est

230 2602 297 2626 om,
324 2592 357 2626 Γ
518 2604 595 2628 esse
620 2594 691 2628 ΡΦ
722 2605 799 2629 esse
830 2595 889 2630 uel
920 2597 1125 2640 (utrumque
1155 2596 1247 2640 exp.)
1280 2594 1384 2631 edere
1414 2595 1451 2630 Β
1481 2594 1585 2630 edere
1618 2594 1748 2630 1⁷D1vk

230 2650 417 2685 nuculeum
443 2651 479 2685 P
503 2651 669 2687 nucleum
695 2654 756 2696 (eoe
780 2663 930 2688 nuceum
957 2653 1006 2697 B)
1033 2657 1094 2689 cet.
1152 2654 1193 2688 17
1220 2653 1366 2699 frangat
1390 2653 1414 2689 k
1485 2653 1609 2688 oculus
1634 2658 1687 2688 ms
1716 2653 1747 2687 Φ

230 2719 326 2743 meos
352 2720 419 2745 om.
445 2710 480 2744 P
577 2712 619 2746 19
646 2711 730 2757 qua]
759 2712 840 2757 quia
870 2713 902 2746 Φ
997 2712 1042 2748 20
1067 2713 1244 2747 lactentes
1275 2713 1487 2757 (1⁵,Bp.c.m2
1582 2712 1746 2747 inscitiae

229 2770 281 2809 (sc
305 2778 348 2802 ex
373 2769 405 2812 c)
430 2769 465 2802 P
489 2769 700 2805 inscientiae
727 2771 812 2813 (-tia
836 2771 926 2814 DB)
951 2774 1012 2806 cet.
1086 2772 1129 2806 21
1156 2766 1285 2806 faciem
1310 2771 1386 2806 DB
1477 2781 1535 2816 pr.
1562 2770 1610 2816 et]
1637 2771 1745 2805 etiam

229 2825 277 2865 N,
304 2835 371 2859 om.
398 2826 494 2860 DkB
592 2832 668 2863 tert.
694 2829 731 2863 in
756 2829 840 2870 ΡΝ,
866 2840 932 2864 om.
958 2834 1020 2864 cet.
1117 2830 1231 2876 apost.
1258 2830 1366 2864 etiam
1392 2829 1427 2863 B
