1884 3254
7 1035 22 1039 „
35 1005 79 1055 '10

43 1361 78 1389 15

628 227 836 273 Epistula
859 226 994 262 XXVII
1021 227 1113 262 1—:3
1544 233 1630 273 225

106 359 259 411 potest,
300 369 346 399 os
385 356 519 412 digito
563 357 674 398 uelle
719 357 991 410 conprimere,
1030 369 1081 399 ne
1120 357 1297 399 audeam
1336 358 1486 408 dicere,
1526 371 1632 412 quae

106 427 177 469 alii
219 428 355 469 facere
399 439 478 469 non
525 428 792 472 erubescunt.
836 439 953 482 rogo,
994 427 1094 481 quid
1138 440 1162 469 a
1204 428 1325 471 nobis
1368 428 1498 470 libere
1549 428 1631 471 dic-

105 501 195 540 tum
229 500 322 540 est?
360 497 566 552 numquid
602 498 645 540 in
681 498 874 540 lancibus
913 498 1027 540 idola
1059 498 1219 540 caelata
1250 499 1482 553 descripsi?
1514 512 1633 540 num-

105 569 206 622 quid
242 569 351 611 inter
387 569 533 623 epulas
573 569 832 612 christianas
875 569 1157 626 uirginalibus
1197 570 1332 613 oculis
1371 570 1632 612 Baccharum

105 642 423 695 satyrorumque
457 641 712 695 conplexus?
744 653 845 683 num
872 653 998 695 quam
1031 641 1209 683 amarior
1241 654 1378 684 sermo
1409 641 1630 695 pulsauit?

102 711 308 766 numquid
345 723 392 753 ex
422 711 627 753 mendicis
661 711 817 754 diuites
854 711 943 753 fieri
977 712 1121 754 dolui?
1154 713 1359 767 numquid
1385 713 1632 766 reprehendi

102 782 376 825 hereditarias
415 782 683 837 sepulturas?
714 797 846 825 unum
883 784 1012 825 miser
1047 783 1216 826 locutus
1250 797 1358 834 sum,
1400 783 1512 838 quod
1551 784 1631 825 uir-

103 853 220 909 gines
253 853 421 907 saepius
455 853 654 895 deberent
687 867 782 896 cum
815 854 1063 896 mulieribus
1103 867 1210 907 esse,
1247 867 1373 909 quam
1411 867 1505 896 cum
1545 867 1630 895 ma-

104 925 254 968 sculis:
292 925 427 967 totius
466 926 612 967 oculos
657 925 773 967 urbis
819 925 985 975 offendi,
1031 926 1278 968 cunctorum
1313 925 1459 980 digitis
1495 926 1630 967 notor.

104 996 469 1050 multiplicati
508 999 632 1038 sunt
671 1010 832 1051 super
869 996 1106 1050 capillos
1146 997 1348 1051 capitis
1386 996 1501 1047 mei,
1541 997 1630 1051 qui

104 1067 334 1110 oderunt
365 1081 440 1110 me
467 1068 656 1123 gratis,
685 1072 735 1110 et
761 1069 942 1110 factus
976 1081 1087 1111 sum
1121 1068 1198 1110 eis
1224 1068 1272 1110 in
1300 1068 1629 1123 parabolam,

103 1142 146 1181 et
175 1142 223 1181 tu
254 1142 379 1194 putas
412 1140 552 1193 aliqua
585 1140 783 1194 deinceps
816 1153 908 1182 esse
941 1140 1183 1182 dicturum?

163 1211 203 1254 3.
224 1210 395 1262 Verum,
422 1225 471 1253 ne
496 1212 676 1254 Flaccus
704 1212 754 1254 de
779 1212 901 1254 nobis
929 1212 1064 1254 rideat
1088 1236 1143 1242 —-
1171 1211 1424 1266 amphora
1450 1211 1632 1266 coepit

101 1281 348 1324 institui:
369 1284 620 1324 currente
646 1285 764 1325 rota
790 1295 882 1325 cur
909 1295 1102 1325 urceus
1129 1283 1266 1325 exit?
1286 1308 1358 1333 —‚
1378 1282 1632 1325 reuertimur

104 1352 155 1394 ad
191 1354 358 1395 nostros
396 1353 569 1407 bipedes
609 1354 763 1396 asellos
803 1355 844 1396 et
874 1354 916 1396 in
957 1366 1101 1396 eorum
1133 1366 1274 1396 aurem
1307 1353 1462 1396 bucina
1493 1353 1630 1407 magis

103 1437 226 1478 quam
271 1425 430 1466 cithara
474 1436 791 1478 concrepamus.
840 1424 905 1466 illi
953 1425 1115 1479 legant:
1169 1438 1262 1479 spe
1314 1425 1630 1479 gaudentes,

102 1495 335 1550 tempori
391 1495 717 1546 seruientes,
767 1507 843 1537 nos
899 1496 1113 1550 legamus:
1166 1508 1257 1549 spe
1314 1495 1629 1550 gaudentes,

103 1566 313 1609 domino
353 1565 682 1616 seruientes3
721 1566 786 1608 illi
824 1566 1029 1608 aduersus
1067 1566 1359 1620 presbyterum
1398 1564 1631 1607 accusatio-

102 1651 195 1680 nem
225 1637 392 1680 omnino
419 1650 498 1679 non
526 1639 678 1692 putent
702 1637 999 1692 recipiendam,
1022 1650 1097 1680 nos
1123 1637 1337 1692 legamus:
1366 1637 1653 1680 aduersus.

223 1788 265 1823 10
291 1789 349 1824 Ps.
377 1788 433 1829 68,
462 1789 483 1823 5
547 1784 586 1822 1'1
618 1788 697 1824 *Ps
725 1789 783 1833 68,
810 1788 853 1823 12
912 1789 955 1824 13
975 1789 1100 1824 Horat.
1128 1799 1158 1824 a.
1179 1800 1214 1834 p.
1234 1787 1379 1823 21-22
1441 1788 1485 1822 16
1506 1787 1629 1823 *Rom

103 1848 159 1889 12,
188 1848 242 1881 12.
270 1848 311 1882 11
389 1848 432 1882 17
458 1848 559 1882 Rom.
589 1848 645 1892 12,
673 1848 727 1882 12.
756 1848 798 1883 11
877 1849 919 1883 19
946 1847 983 1883 *Ι
1008 1847 1100 1883 Tim.
1126 1848 1160 1891 5,
1187 1847 1328 1883 19—20

151 1930 167 1964 1
196 1932 320 1975 posset
344 1930 390 1965 N
480 1929 597 1975 digito
625 1941 654 1966 8.
683 1931 705 1965 l.
730 1933 794 1966 m2
818 1930 858 1964 B>
946 1941 990 1965 ne
1015 1942 1042 1966 s.
1071 1932 1094 1966 l.
1119 1932 1182 1965 m2
1198 1930 1235 1964 B
1329 1929 1496 1964 auderem
1525 1929 1628 1964 IIa.c.

102 1990 207 2036 quae]
235 1989 331 2035 quod
357 1988 434 2031 KQ
459 1990 519 2035 qui
545 1989 580 2024 L
607 2001 711 2035 quem
738 1991 862 2033 (corr.)
888 1989 927 2024 H
997 1990 1018 2025 3
1045 1991 1102 2025 est
1125 1999 1154 2024 8.
1182 1989 1204 2026 l.
1230 1988 1266 2024 L
1337 1988 1503 2024 laudibus
1529 1987 1630 2029 Qam.

99 2049 281 2094 lapidibus
301 2050 473 2094 Ap.c.m2
543 2050 567 2084 4
593 2049 765 2094 epistolas
785 2049 829 2084 N
922 2049 1119 2094 uirginales
1145 2048 1269 2084 oculos
1300 2047 1330 2090 Q
1354 2047 1443 2093 uirg.
1462 2046 1633 2092 <obtuli>

102 2108 214 2142 oculis
238 2108 483 2153 EnyeZbreeht
632 2108 826 2143 bacharum
851 2107 930 2143 LN
1048 2109 1068 2142 5
1096 2109 1237 2142 satiror.
1263 2106 1380 2148 KDQ
1405 2106 1572 2151 satisque
1598 2105 1634 2139 B

102 2170 253 2213 satyrar.
280 2167 323 2201 N
344 2170 495 2202 saturer.
515 2167 550 2202 L
623 2168 794 2214 conplexu
820 2167 928 2204 Ka.c.
955 2168 1096 2202 fabulas
1121 2167 1265 2202 innexui
1292 2169 1355 2201 aut
1373 2165 1417 2200 N
1439 2165 1630 2210 conplexus

102 2227 245 2261 innexui
265 2228 330 2261 aut
345 2238 371 2271 ς
442 2237 524 2261 num
547 2238 653 2272 quam
672 2227 805 2271 scripsi
828 2238 905 2262 sum
927 2238 1032 2273 quam
1053 2226 1165 2261 KLB
1188 2237 1355 2271 umquam
1382 2225 1497 2260 ΑΗΒ
1523 2235 1628 2270 quam

108 2286 139 2327 Q
163 2286 319 2331 aliquem
346 2286 386 2320 N
481 2287 636 2322 amarior
660 2289 785 2321 noster
808 2286 852 2321 N
932 2287 952 2322 6
979 2286 1129 2321 medicis
1153 2285 1198 2327 L,
1208 2285 1305 2327 Qa.c.
1331 2284 1527 2319 mendaciis
1554 2283 1630 2318 HN

103 2345 283 2380 doluimus
308 2346 384 2380 AD
409 2339 508 2380 uolui
534 2346 568 2380 L
595 2346 761 2380 uolumus
787 2346 863 2380 ΠΝ
970 2356 1164 2391 numquam
1189 2345 1224 2380 L
1339 2345 1358 2379 7
1385 2343 1572 2389 sepultura
1596 2343 1630 2376 L

101 2406 222 2449 miser]
247 2416 275 2440 s.
303 2405 325 2440 l.
352 2405 391 2439 Π
411 2405 540 2440 misere
559 2405 596 2439 B
618 2417 694 2440 sum
720 2416 788 2440 om.
815 2405 928 2439 ADB
1057 2416 1126 2450 quo
1153 2404 1302 2439 ALIID
1410 2403 1432 2437 8
1459 2403 1524 2437 alt.
1551 2413 1628 2436 cum

102 2475 130 2499 s.
157 2465 178 2499 l.
205 2467 267 2499 m2
291 2464 334 2498 K
427 2465 448 2499 9
475 2464 571 2499 orbis
598 2476 650 2500 oc.
677 2464 750 2505 HQ
775 2465 886 2499 oculis
913 2467 1034 2508 (corr.)
1060 2464 1132 2498 AL
1254 2463 1349 2498 orbis
1376 2461 1630 2506 HQ‚Ap.c.m2

102 2526 208 2558 nutor
234 2535 252 2557 o
280 2523 314 2557 L
401 2524 439 2558 11
470 2523 542 2558 illis
569 2522 676 2564 LQB
759 2524 802 2558 12
829 2526 868 2558 tu
894 2535 923 2558 8.
950 2525 972 2558 l.
999 2524 1043 2558 K
1136 2522 1274 2568 aliquid
1299 2521 1341 2556 N
1362 2532 1419 2556 me
1445 2520 1582 2565 aliquid
1606 2530 1630 2563 g

103 2593 180 2617 esse
205 2582 304 2628 dica]
329 2583 530 2617 locuturum
556 2594 580 2627 g
632 2583 674 2617 13
700 2583 835 2618 flachus
861 2586 968 2627 (corr.
995 2583 1166 2625 flacchus)
1187 2581 1221 2616 L
1295 2582 1502 2625 amphoram
1524 2578 1628 2613 Lam

22 2661 27 2665 ·
103 2641 261 2687 anphora
293 2641 323 2683 Q
348 2642 542 2686 anphoram
569 2643 617 2685 (m
644 2643 750 2686 eras.)
777 2640 815 2676 11
934 2643 979 2677 14
1003 2641 1147 2676 institui
1174 2641 1236 2675 sed
1262 2640 1307 2675 N
1410 2649 1472 2673 cur
1497 2648 1563 2672 om.
1590 2637 1631 2670 N

103 2700 190 2735 exiit
213 2699 381 2735 La.c.m2
407 2700 520 2735 exiuit
542 2700 586 2734 N
654 2703 876 2736 reuertamur
901 2700 978 2743 KQ
1052 2702 1094 2735 15
1119 2700 1263 2735 illorum
1289 2699 1326 2733 in
1351 2708 1375 2742 g
1447 2707 1531 2732 aure
1556 2695 1632 2730 NB

103 2759 248 2794 auribus
274 2759 351 2801 KQ
448 2760 490 2793 16
517 2770 770 2805 concrepemus
795 2759 874 2802 KQ
969 2760 1042 2794 illis
1067 2759 1111 2794 K
1203 2759 1332 2803 legunt
1356 2756 1390 2790 L
1488 2755 1531 2789 19
1556 2765 1627 2789 non

102 2821 178 2864 put.
207 2830 303 2853 omn.
327 2818 441 2860 KQB
462 2829 555 2852 omn.
582 2820 657 2864 put.
684 2819 723 2853 N
819 2819 1009 2854 aduersum
1034 2817 1071 2852 B

138 2901 216 2928 mv.
239 2899 366 2927 Hieron.
386 2899 486 2934 Epist.
508 2899 532 2926 1.
1538 2883 1580 2918 15
