1884 3254
265 231 349 273 278
809 226 958 262 Sancti
983 226 1238 271 Hieronymi

265 357 495 401 secundum
523 357 710 399 Exodum
738 355 883 409 quinta
915 353 1181 409 generatione
1214 353 1373 409 egressi
1405 354 1490 396 sint
1519 353 1595 396 filii
1619 354 1781 397 Israhel

264 429 313 471 de
334 432 442 469 terra
460 427 654 482 Aegypti,
680 426 817 468 tribus
842 424 920 466 tibi
940 423 1069 466 Iudae
1096 423 1195 466 ordo
1220 427 1481 467 numeretur:
1506 424 1612 466 Iuda
1636 425 1783 480 genuit

262 498 432 548 Phares,
454 498 608 539 Phares
629 496 774 551 genuit
792 495 954 544 Esrom,
975 494 1127 536 Esrom
1151 494 1299 549 genuit
1323 493 1462 545 Aram,
1483 494 1607 536 Aram
1635 495 1781 549 genuit

262 568 507 618 Aminadab,
538 565 771 608 Aminadab
803 564 948 619 genuit
973 563 1178 622 Naasson,
1203 563 1393 607 Naasson
1426 565 1574 620 genuit
1598 564 1779 608 Salmon.

261 639 418 680 Phares
450 650 544 679 cum
575 638 692 690 patre
725 647 800 677 suo
832 634 939 676 Iuda
967 634 1183 693 ingressus
1216 636 1282 677 est
1309 634 1563 690 Aegyptum,
1588 634 1777 680 Naasson
1818 651 1838 683 s

260 709 451 762 princeps
476 708 610 749 tribus
635 705 740 748 Iuda
764 705 805 747 in
838 705 1003 748 deserto
1029 705 1292 756 describitur,
1319 705 1442 748 cuius
1472 705 1584 748 filius
1612 705 1780 749 Salmon

260 781 410 820 terram
431 776 768 832 repromissionis
790 775 961 818 introiit.
976 778 1156 830 conputa
1170 789 1192 818 a
1204 775 1362 819 Phares
1376 789 1512 830 usque
1527 776 1577 818 ad
1587 775 1780 821 Naasson

262 853 303 891 et
333 848 518 890 inuenies
552 846 838 903 generationes
872 846 1067 901 quinque,
1094 846 1264 889 tametsi
1295 846 1494 897 nonnulli,
1521 848 1570 888 ut
1599 847 1640 888 in
1665 846 1780 892 tribu

260 920 363 962 Leui
391 918 665 968 ostendimus,
690 917 730 958 in
757 917 905 959 Esrom
931 917 1100 959 initium
1125 917 1282 959 faciant
1305 919 1348 960 et
1372 917 1424 959 ad
1450 916 1619 960 Salmon
1644 929 1779 972 usque

260 990 514 1045 perueniant.
1802 1004 1840 1035 ιο

322 1062 388 1102 12.
421 1061 529 1102 Puto
568 1058 784 1113 problema
822 1057 1096 1112 dissolutum;
1131 1058 1242 1112 quod
1280 1058 1317 1101 si
1354 1058 1562 1113 displicet,
1595 1058 1647 1100 ad
1683 1071 1779 1101 con·

259 1130 456 1185 pendium
498 1129 666 1172 ueniam
710 1131 751 1171 et
794 1128 930 1171 dicam
974 1129 1016 1170 in
1057 1129 1248 1188 Hebraeo
1293 1142 1374 1172 non
1418 1142 1512 1172 esse
1549 1129 1778 1173 diuersum.

258 1202 414 1255 Aquila
444 1213 636 1254 namque,
671 1200 742 1253 qui
772 1212 853 1242 non
887 1199 1205 1251 contentiosius,
1235 1202 1282 1243 ut
1312 1200 1483 1254 quidam
1513 1201 1677 1254 putant,
1704 1199 1777 1243 sed

261 1272 493 1314 studiosius
531 1271 707 1313 uerbum
745 1270 1044 1324 interpretatur
1081 1270 1133 1312 ad
1171 1271 1361 1321 uerbum,
1394 1271 1436 1312 in
1475 1282 1523 1313 eo
1562 1271 1671 1322 loco,
1703 1270 1778 1313 ubi

261 1341 536 1396 Septuaginta
566 1342 814 1395 posuerunt:
849 1339 1020 1395 quinta
1053 1342 1216 1383 autem
1253 1341 1576 1395 generatione
1613 1353 1775 1383 ascen·
1800 1357 1838 1389 ιι

260 1413 437 1454 derunt
467 1411 570 1454 filii
600 1411 795 1454 Israhel
827 1411 882 1454 de
920 1413 1052 1453 terra
1075 1411 1319 1470 Aegypti,
1350 1412 1412 1454 ita
1441 1412 1676 1455 transtulit:
1707 1412 1777 1453 καὶ

259 1481 556 1538 ὲνοπλισοὶμενοι
581 1480 780 1539 ἀνέβησαν
806 1480 881 1524 οἷοὶ
909 1479 1071 1538 Ἰσραὴλ
1097 1480 1176 1524 ἀπὸ
1201 1490 1277 1538 γῆς
1304 1481 1517 1534 Αἰγύπτου,
1543 1482 1587 1524 id
1612 1484 1694 1525 est:
1728 1483 1777 1525 ct

260 1554 434 1595 armati
461 1553 791 1596 ascenderunt
815 1553 922 1595 filii
946 1554 1145 1596 Israhel
1177 1553 1232 1595 de
1258 1556 1393 1596 terra
1417 1553 1649 1611 Aegypt-i,
1675 1553 1778 1596 licet

258 1636 330 1676 pro
364 1636 425 1674 eo,
459 1624 569 1676 quod
599 1622 774 1666 ‘armati’
804 1637 879 1666 nos
912 1623 1106 1676 diximus,
1134 1624 1365 1666 secundum
1393 1623 1542 1667 Graeci
1573 1623 1777 1667 sermonis

377 1739 396 1772 5
417 1738 460 1773 cf.
480 1738 498 1772 I
516 1738 598 1774 Par.
611 1739 644 1782 2,
658 1738 785 1773 3—11.
799 1739 930 1774 Matth.
946 1739 979 1783 1,
995 1739 1088 1774 3-4
1161 1738 1248 1774 Luc.
1263 1739 1299 1783 3,
1312 1739 1462 1774 32—33.
1477 1739 1574 1774 Ruth
1586 1739 1621 1781 4,
1637 1738 1778 1774 18-20

259 1797 279 1832 8
306 1797 349 1832 cf.
376 1796 482 1832 Num.
510 1799 540 1842 1,
568 1799 600 1833 7.
626 1798 673 1842 2,,
685 1799 717 1833 3.
738 1798 771 1839 7,
794 1798 837 1833 12
859 1800 896 1833 et
918 1799 973 1833 17.
997 1798 1051 1840 10,
1073 1799 1117 1833 14
1168 1798 1210 1833 15
1230 1797 1314 1833 *Ex.
1339 1798 1394 1843 13,
1415 1799 1458 1834 18
1510 1799 1552 1833 17
1572 1798 1634 1833 Ex.
1656 1798 1712 1840 13,
1734 1797 1778 1833 18

307 1868 322 1902 1
353 1870 437 1902 sunt
461 1868 570 1902 ,QDB
664 1867 773 1902 israel
798 1867 857 1913 qB
947 1868 968 1902 2
995 1868 1078 1913 tibi]
1102 1870 1224 1902 tamen
1252 1875 1296 1913 m,
1322 1879 1390 1903 om.
1416 1879 1437 1913 q
1534 1869 1571 1903 et
1596 1870 1704 1911 (eras.
1727 1867 1780 1912 B)

259 1926 343 1961 ordo
368 1926 480 1961 ADB
576 1926 680 1962 iudas
707 1933 740 1964 tn
832 1927 853 1962 3
880 1927 1009 1972 phares
1037 1927 1091 1963 bis
1116 1928 1184 1963 ωΩ
1208 1927 1303 1962 fares
1329 1927 1385 1963 bis
1409 1931 1470 1963 cet.
1567 1928 1632 1962 alt.
1658 1927 1777 1972 Aram]

260 1996 319 2020 ara
346 1991 378 2022 η)
451 1987 472 2020 4
500 1985 725 2021 amminadab
753 1986 809 2022 bis
832 1987 866 2021 Ω
960 1998 1114 2022 naasson
1140 1987 1195 2023 bis
1218 1988 1252 2022 Ω
1275 1998 1421 2022 naasom
1449 1987 1502 2022 bis
1521 1997 1542 2032 q
1567 1998 1700 2022 naason
1724 1986 1780 2022 bis

258 2048 320 2079 cet.
395 2046 415 2079 5
441 2044 569 2089 phares
596 2051 628 2080 m
654 2044 748 2080 fares
775 2049 838 2081 eet.
918 2056 1072 2081 naasson
1096 2047 1130 2082 Ω
1153 2057 1298 2081 naason]
1325 2057 1345 2091 q
1371 2057 1506 2081 naason
1531 2050 1593 2081 cet.
1666 2046 1688 2081 6
1712 2046 1779 2081 tri-

257 2103 338 2148 bus]
368 2103 454 2139 add.
482 2106 537 2138 est
562 2110 619 2149 mq
765 2104 784 2139 7
811 2104 978 2140 introiuit
1004 2111 1036 2141 m
1063 2106 1216 2140 intrauit
1239 2105 1316 2143 AD
1478 2107 1515 2139 et
1539 2107 1695 2151 conputa.
1719 2111 1776 2151 tuq

257 2162 386 2207 phares
414 2168 446 2198 m
473 2163 547 2198 fare
573 2164 607 2198 Ω
630 2163 724 2198 fares
751 2167 812 2199 cet.
928 2175 1083 2199 naasson
1111 2164 1144 2199 ,Ω
1168 2175 1313 2199 naason]
1341 2175 1362 2210 q
1387 2175 1522 2200 naason
1547 2168 1609 2199 cet.
1694 2163 1717 2199 8
1742 2165 1781 2201 et

258 2231 325 2255 om.
350 2233 373 2266 g
468 2224 589 2257 tamen
617 2226 654 2258 et
679 2223 710 2257 si
733 2224 767 2258 Ω
861 2223 1034 2258 nonnulla.
1055 2224 1158 2259 Ωα.ο.
1237 2225 1258 2259 9
1284 2224 1423 2259 faciunt
1445 2223 1486 2258 D
1579 2223 1718 2258 solmon
1743 2229 1778 2260 tn

261 2281 300 2314 11
329 2281 512 2325 proplema
539 2288 571 2316 m
670 2282 778 2328 quod]
806 2293 873 2327 que
901 2288 933 2318 m
960 2281 1024 2318 sed
1047 2283 1082 2317 ,Q
1175 2282 1347 2328 pendium
1374 2289 1406 2318 m
1482 2282 1524 2316 12
1552 2281 1730 2317 diuersam
1754 2292 1776 2327 q

259 2338 302 2373 13
330 2339 485 2383 aquilam
510 2340 549 2374 1)
633 2342 802 2386 namque]
826 2353 962 2387 nosque
990 2347 1022 2378 m
1047 2353 1214 2387 nuncque
1239 2353 1259 2387 q
1346 2342 1407 2387 qui
1433 2352 1502 2377 om.
1527 2341 1603 2376 AD
1691 2352 1776 2378 con-

257 2397 434 2431 tentiosus
459 2398 650 2442 AD,Ba.c.
766 2399 843 2445 sed]
871 2400 901 2435 si
927 2406 960 2436 m
1060 2400 1104 2435 14
1129 2399 1311 2435 studiosus
1337 2400 1432 2446 qu
1545 2399 1590 2434 ad
1615 2399 1729 2445 uerb.]
1756 2409 1776 2434 e

257 2455 366 2490 uerbo
392 2457 427 2490 B
483 2457 525 2491 16
551 2458 656 2492 israel
683 2459 778 2504 qu
841 2460 884 2495 16
908 2457 1776 2495 KAIENHAICAMENOKNEBNCCENPANA

258 2513 694 2551 ΑΠΟΚΝΟΑΙΓΥΠΤΟΥ
720 2524 752 2553 m
785 2515 1777 2554 KAENOHAICUJENOIANEBHCANTIO[lCPAHA

257 2571 670 2610 ΑΗΞΓΗΑΟΟΟΙΟΟΩ
682 2567 1774 2616 KAINO[IANCAMENolANEBHCAN‘rIOHCT-l-AAHO

257 2630 700 2669 ΤΕΟΑΠΟΤΝΟΑΤΥΟΥ
713 2636 748 2669 Α
760 2633 1778 2673 KAIENOHAICAMENOICNEBHCANTIOICPANA

256 2689 691 2728 ΔΠΟΚΝΟΑῙΓΥΠΤΟΝ
721 2704 741 2739 q
767 2698 828 2729 etc.
938 2692 969 2728 οἱ
994 2692 1060 2729 υἱοὶ
1081 2706 1106 2740 g
1213 2699 1276 2742 τῆς
1300 2699 1366 2741 γῆς
1389 2706 1414 2740 ς
1510 2697 1546 2730 et
1570 2705 1638 2730 om.
1662 2693 1776 2729 ADB

260 2747 302 2783 18
327 2748 435 2784 israel
461 2750 555 2796 qu
659 2752 701 2786 19
728 2763 768 2787 eo
795 2752 905 2799 quod]
933 2765 974 2789 eo
1002 2765 1069 2799 que
1096 2760 1129 2790 ru
1156 2765 1224 2799 quo
1250 2753 1326 2789 AD
1445 2755 1599 2790 armatos
1624 2764 1689 2788 nos
1714 2759 1772 2799 inq

257 2820 320 2842 nos
347 2809 475 2843 armati
499 2821 523 2854 g
