1884 3254
251 311 336 352 650
803 306 953 342 Sancti
978 306 1228 351 Hieronymi

250 437 567 487 contemnendo,
594 436 695 490 quid
719 434 796 477 filii
821 447 970 481 amare,
985 433 1209 476 deberent?
1236 433 1337 487 quid
1356 434 1587 477 Eustochio
1607 433 1772 486 fortius,

251 520 355 561 quae
394 506 627 549 nobilitatis
660 507 801 559 portas
834 507 876 546 et
908 504 1195 558 adrogantiam
1229 504 1392 559 generis
1425 505 1658 548 consularis
1690 505 1772 549 uir-

250 578 378 632 ginali
409 576 625 631 proposito
658 575 830 628 fregerit
862 576 905 616 et
934 574 976 616 in
1007 574 1109 616 urbe
1140 574 1275 627 prima
1298 574 1482 628 primum
1512 588 1643 630 genus
1676 576 1772 620 sub·

250 647 462 702 iugauerit
488 645 748 701 pudicitiae?
786 644 887 698 quid
918 644 1094 686 Paulina
1131 644 1445 699 temperantius,
1483 658 1588 699 quae
1626 649 1771 701 legens

250 717 355 759 illud
382 716 585 770 apostoli:
619 715 968 758 honorabiles
1000 714 1222 768 nuptiae
1255 717 1306 757 et
1337 715 1518 758 cubile
1544 716 1794 762 iamenu-2
1864 734 1870 743 ·-

248 788 416 830 latum
454 799 530 829 nec
569 786 722 828 sororis
760 785 1010 827 felicitatem
1047 798 1123 827 nec
1161 785 1308 828 matris
1340 786 1638 829 continentiam
1669 798 1771 831 ausa

250 861 444 913 appetere
487 857 638 901 maluit
674 856 714 898 in
753 856 1050 899 humilioribus
1086 858 1179 898 tuto
1216 869 1388 911 pergere
1426 869 1551 910 quam
1588 857 1770 911 pendulo

250 928 379 983 gradu
417 928 459 970 in
498 926 817 969 sublimioribus
848 926 1079 969 fluctuare?
1116 939 1371 980 quamquam
1400 926 1474 969 illa
1503 927 1608 970 inito
1641 927 1773 986 semel

249 998 515 1041 matrimonio
553 997 657 1039 nihil
695 997 810 1039 aliud
847 997 995 1039 diebus
1034 1009 1081 1039 ac
1119 997 1314 1046 noctibus
1352 997 1572 1052 cogitauit,
1610 997 1694 1040 nisi
1723 1001 1773 1041 ut

247 1069 410 1124 reddito
449 1069 589 1110 fructu
626 1068 865 1122 nuptiarum
899 1067 1131 1110 secundum
1162 1067 1434 1111 castimoniae
1466 1068 1641 1124 gradum
1673 1069 1770 1112 arri-

248 1142 366 1193 peret
397 1141 452 1186 et,
485 1139 593 1181 tanti
625 1139 723 1181 dux
754 1139 954 1180 femina
984 1139 1133 1188 facti,
1166 1139 1306 1180 uirum
1338 1139 1552 1193 proposito
1579 1151 1655 1181 suo
1681 1139 1771 1182 iun-

250 1213 365 1265 geret
396 1222 474 1252 non
506 1210 746 1262 relinquens
779 1209 930 1251 salutis
963 1210 1176 1261 comitem,
1209 1209 1283 1251 sed
1314 1211 1550 1263 expectans.
1587 1210 1771 1264 dumque

249 1281 402 1323 crebris
428 1280 601 1323 abortiis
627 1282 670 1322 et
692 1282 861 1334 experta
883 1279 1142 1322 fecunditate
1167 1282 1447 1334 conceptuum
1472 1292 1553 1322 non
1578 1279 1772 1335 desperat

247 1352 401 1394 liberos
452 1354 495 1393 et
544 1363 689 1393 socrus
733 1350 980 1394 auiditatem
1025 1350 1248 1404 maritique
1292 1351 1510 1409 tristitiam
1552 1351 1772 1406 praeponit

246 1421 512 1464 inbecillitati
555 1410 668 1472 suae,
714 1433 838 1475 passa
881 1423 946 1463 est
982 1420 1142 1474 aliquid
1180 1421 1230 1463 de
1267 1421 1461 1463 Rachelis
1498 1423 1687 1476 exemplo
1728 1423 1771 1464 et

246 1506 321 1548 pro
353 1493 440 1535 filio
474 1493 629 1534 doloris
661 1504 708 1534 ac
740 1491 931 1534 dexterae
962 1492 1101 1533 uirum
1134 1492 1330 1534 desiderii
1367 1492 1628 1548 suiipeperit
1658 1493 1770 1537 here-

251 1565 359 1606 dem.
400 1563 608 1616 certisque
646 1562 888 1605 auctoribus
928 1562 1054 1604 didici
1090 1562 1207 1606 illam
1239 1576 1319 1605 non
1350 1563 1508 1617 primae
1540 1564 1771 1607 sententiae

251 1635 336 1677 dei:
377 1634 613 1677 crescite
645 1635 697 1675 et
736 1633 1189 1690 multiplicamini
1228 1636 1279 1675 et
1321 1634 1531 1687 replete
1573 1637 1769 1679 terram

250 1718 325 1748 nec
350 1705 487 1748 officio
520 1704 731 1760 coniugali
757 1704 914 1746 seruire
941 1705 1143 1756 uoluisse,
1171 1704 1245 1747 sed
1271 1705 1321 1746 ad
1348 1705 1427 1746 hoc
1453 1706 1622 1759 optasse
1646 1705 1770 1756 filios,

250 1778 299 1818 ut
330 1775 496 1818 Christo
528 1775 712 1829 uirgines
743 1777 919 1829 pareret.

370 1950 391 1984 5
418 1947 550 1983 *Hebn
579 1947 633 1992 13,
657 1948 680 1982 4
756 1948 796 1982 11
824 1948 932 1992 Verg.
957 1947 1044 1983 Aen.
1070 1948 1088 1982 I
1113 1948 1182 1983 364
1257 1949 1300 1983 16
1327 1948 1371 1983 cf.
1399 1948 1484 1985 Gen.
1511 1949 1568 1993 35,
1596 1950 1639 1984 18
1725 1949 1769 1984 cf.

250 2007 342 2042 Dan.
369 2007 402 2049 9,
428 2007 475 2042 23
500 2009 567 2042 etc.
644 2007 686 2042 18
713 2006 800 2044 Gen.
829 2006 861 2051 1,
885 2007 931 2042 28

301 2124 317 2157 1
346 2122 649 2168 contempnendae
674 2124 710 2158 Β
785 2134 842 2168 pr.
864 2123 949 2168 quid
974 2134 1019 2158 eae
1044 2124 1106 2168 qui
1135 2123 1168 2158 G
1243 2124 1308 2159 alt.
1329 2123 1428 2169 quid]
1456 2123 1614 2163 addde
1639 2123 1775 2167 KDJ'

251 2192 344 2217 eras.
414 2182 636 2217 eustochiom
656 2183 761 2218 Aac·
783 2182 971 2222 eustochiu
989 2182 1097 2217 Dae.
1117 2182 1302 2217 eusthocio
1321 2182 1366 2216 K
1379 2182 1564 2218 eustochie.
1582 2183 1618 2218 Β
1666 2183 1687 2218 2
1708 2182 1777 2221 ad·—

252 2241 418 2286 rogantia
443 2241 482 2275 D
601 2241 796 2276 consolaris
821 2240 1012 2284 K‚Affia.c.
1108 2242 1130 2276 3
1154 2241 1266 2286 fregit
1288 2241 1443 2279 KAQP
1560 2241 1771 2286 subiugauit

252 2299 417 2335 ffiaaemza
488 2300 511 2334 4
537 2299 713 2344 pudicitia
740 2298 774 2334 G
847 2299 990 2345 pauline
1013 2299 1053 2334 D
1120 2302 1140 2335 5
1168 2300 1216 2345 et]
1244 2300 1330 2335 add.
1355 2300 1393 2334 in
1417 2300 1528 2346 (exp.)
1553 2300 1597 2335 K
1658 2301 1680 2336 6
1704 2309 1775 2341 nec

251 2359 482 2403 sor.-—fluct.]
509 2370 580 2393 non
606 2362 755 2404 appetas
780 2359 917 2394 maiora
940 2359 1077 2394 uiribus
1107 2359 1192 2404 tuis,
1224 2360 1308 2404 quia
1338 2359 1467 2394 melius
1498 2361 1555 2394 ent
1584 2359 1621 2394 in
1651 2359 1770 2394 humi-

251 2418 402 2452 lioribus
427 2420 507 2452 tuto
538 2428 688 2463 pergere
721 2429 824 2462 quam
859 2417 1015 2463 pendulo
1047 2417 1160 2463 gradu
1186 2419 1223 2452 in
1249 2418 1518 2453 sublimioribus
1542 2418 1715 2454 fluctuare
1741 2419 1776 2453 1⁷

252 2477 352 2521 ausa]
379 2477 416 2510 in
442 2487 479 2511 se
506 2477 544 2511 D
665 2478 683 2511 7
709 2479 790 2512 tuta
816 2475 1007 2521 ffiwemQ·
1030 2478 1110 2511 tota
1132 2477 1172 2512 D
1284 2477 1307 2511 8
1331 2476 1601 2512 sublimioribus
1627 2475 1772 2513 PAQW

252 2535 466 2570 sublimibus
491 2539 554 2571 cet.
675 2536 840 2571 fluctuari
864 2536 904 2571 D
1029 2536 1093 2571 illa
1117 2547 1161 2571 ex
1186 2536 1247 2571 ille
1272 2537 1371 2571 m2A
1496 2538 1605 2572 semel
1630 2536 1720 2572 inito
1745 2547 1770 2580 g
1839 2531 1841 2533 ¹

251 2596 272 2629 9
300 2594 476 2639 cogitaret
499 2594 569 2631 Affi
597 2594 812 2639 cogitauerit
835 2605 860 2639 g
914 2594 959 2629 10
984 2594 1199 2630 castimonia
1226 2594 1259 2629 G
1339 2595 1517 2639 acciperet
1539 2605 1564 2639 g
1619 2595 1660 2630 11
1687 2594 1768 2630 iun-

253 2653 367 2697 geret]
393 2653 624 2698 intellegeret
648 2653 691 2688 K
697 2654 731 2687 ¹1¹
873 2653 916 2688 13
942 2653 1115 2688 abortiuis
1141 2653 1243 2691 58a.c.
1269 2653 1443 2688 auortiuis
1471 2654 1550 2697 (alt.
1576 2665 1600 2689 u
1625 2654 1708 2698 del.)
1732 2654 1769 2691 Β

253 2711 398 2746 abortus
422 2711 462 2746 D
558 2711 714 2756 experta]
741 2723 784 2747 ea:
810 2711 969 2757 perfecta
993 2711 1029 2746 B
1124 2714 1335 2757 conceptum
1364 2711 1465 2756 Gpa:
1491 2715 1686 2758 conceptus
1711 2713 1766 2758 (us

252 2781 295 2804 ex
319 2781 378 2804 um
402 2772 478 2813 m2)
504 2770 539 2804 A
565 2773 736 2816 concepta
759 2771 799 2805 D
879 2771 922 2806 14
947 2770 1123 2806 auiditate
1149 2771 1188 2806 D
1281 2770 1471 2815 meritique
1496 2771 1598 2808 §Bac
1624 2772 1768 2808 matris·

254 2839 320 2872 que
347 2829 429 2872 (del.
456 2832 488 2863 et
512 2829 553 2863 in
577 2840 644 2874 my.
669 2829 876 2875 maritique)
901 2829 937 2863 B
1008 2829 1120 2875 trist.]
1144 2829 1324 2864 iusticiam
1348 2829 1386 2863 B
1435 2830 1479 2864 15
1504 2829 1704 2865 rachahelis
1729 2823 1768 2866 D

255 2887 297 2920 16
324 2886 465 2922 dextere
491 2898 575 2922 suae
605 2887 637 2922 G
713 2889 753 2922 17
781 2887 909 2923 didicit
936 2888 1036 2932 Gp.c.

1857 0 1884 189 ἰ

1866 272 1882 559 ἑ

1794 1434 1860 1469 15·’
