1884 3254
585 235 794 280 Epistula
819 235 983 271 xva
1012 236 1150 271 14—15
1569 243 1623 282 93

38 404 41 405 ⁷
98 364 156 407 sit
184 365 323 406 iturus
362 365 413 406 ad
452 365 670 418 populum,
710 365 777 407 cui
816 365 952 408 facilis
990 365 1195 419 propheta
1233 366 1468 420 respondit:
1503 379 1624 409 ecce

33 439 36 446 '
98 448 209 490 ego,
229 447 269 476 m
283 435 386 477 itte
413 448 488 477 me
512 437 556 477 et
574 438 672 489 post
691 435 1037 490 pollicitationem
1058 435 1243 486 iubetur,
1263 438 1311 478 ut
1333 436 1463 479 dicat:
1492 437 1624 479 uade

97 509 149 549 et
187 507 271 549 dic
310 507 510 562 populo
549 496 692 549 huic:
734 519 857 549 aure
897 507 1139 549 audietis
1179 509 1230 549 et
1267 519 1365 549 non
1410 507 1625 550 intelle-

98 578 255 633 getis,
288 581 338 620 et
378 580 663 620 cernentes
703 578 1000 631 aspicietis
1041 580 1092 620 et
1129 590 1227 620 non
1270 578 1543 621 uidebitis
1583 582 1625 620 et

57 661 74 689 5
97 651 247 699 cetera,
281 661 387 702 quae
418 649 554 702 ipsius
587 649 830 703 prophetiae
863 661 998 691 sermo
1032 649 1226 691 contexit.
1259 649 1403 691 audiui
1436 661 1512 704 ego
1545 649 1624 691 hoc
1661 648 1689 682 2.

38 770 39 775 ¹
94 719 136 761 in
166 720 261 761 loco
294 732 374 761 non
413 732 585 774 paruam
618 720 801 762 Hebraei
839 720 923 762 mei
955 719 1300 773 disputationem,
1335 720 1456 762 cuius
1489 732 1623 774 pauca

26 779 39 813 .'
93 802 259 844 ponam,
279 792 328 831 ut
348 802 518 832 sensum
545 790 726 832 hominis
754 790 962 832 aduertaS.
989 790 1145 832 aicbat:
1173 790 1238 832 ‘de
1258 790 1395 845 Moysi
1424 792 1466 832 et
1483 791 1621 837 Esaia,

18 887 23 899 2
95 860 190 915 quis
223 860 376 903 melius
407 861 566 912 fecerit,
594 861 877 915 requiramus:
911 863 1109 903 utrumne
1137 861 1322 915 Moyses,
1351 861 1436 915 qui,
1471 874 1566 904 cum
1599 874 1623 903 a

22 943 30 983 ζ
93 931 171 973 deo
203 931 445 974 mitteretur
469 932 522 973 ad
547 931 768 986 populum,
795 931 873 973 ait:
901 943 1104 985 precor,
1133 931 1309 973 domin
1322 944 1357 982 e,
1385 944 1480 973 non
1509 945 1621 974 sum

21 1013 71 1051 ,Ἱο
95 1002 289 1058 dignus
332 1005 374 1045 et
416 1016 605 1045 rursum:
645 1002 875 1056 prouide
915 1002 1095 1053 alium,
1136 1015 1288 1056 quem
1326 1003 1529 1052 mittas,
1570 1016 1620 1044 an

25 1071 32 1121 ζ
93 1074 257 1125 Esaias,
291 1074 376 1128 qui,
411 1086 506 1116 cum
539 1085 619 1115 non
653 1074 807 1116 fuisset
839 1074 1013 1126 electus,
1044 1073 1156 1115 ultro
1190 1086 1235 1115 se
1269 1073 1426 1115 obtulit
1457 1073 1620 1116 dicens:

21 1196 26 1198 .
94 1156 215 1186 ecce
247 1157 357 1200 ego,
385 1145 541 1186 mitte
567 1157 654 1186 me.
682 1156 756 1186 nec
782 1144 957 1199 ignoro',
988 1144 1168 1196 dicebat,
1194 1144 1494 1198 ‘periculosum
1528 1157 1622 1187 esse
1659 1146 1680 1178 3

18 1234 22 1235 ⁷
92 1215 142 1256 de
175 1217 417 1257 sanctorum
449 1215 611 1256 meritis
646 1215 861 1268 disputare
895 1218 937 1256 et
968 1214 1128 1268 aliquid
1160 1215 1230 1256 uel
1264 1214 1402 1257 minus
1428 1215 1499 1257 uel
1524 1215 1620 1268 plus

91 1285 281 1328 adserere
313 1286 425 1328 uelle
458 1286 508 1329 de
541 1299 604 1337 eo,
638 1299 763 1340 quem
796 1286 992 1328 dominus
1026 1286 1263 1336 coronauit3
1298 1285 1374 1328 sed
1406 1286 1505 1339 quia
1528 1285 1620 1340 ipse

6 1367 70 1407 :¹⁵
93 1356 211 1398 dixit:
252 1357 500 1411 quaerite
540 1359 590 1398 et
627 1357 946 1406 inuenietis,
985 1356 1206 1412 pulsate
1245 1358 1296 1398 et
1341 1356 1622 1410 aperietur

16 1420 20 1421 ⁷
91 1428 262 1479 uobis,
296 1428 420 1470 etiam
449 1441 539 1479 nos,
566 1440 647 1470 non
673 1430 724 1470 ut
750 1428 800 1470 de
827 1429 968 1482 aliquo
1003 1428 1288 1478 detrahamus,
1317 1427 1392 1469 sed
1419 1429 1468 1469 ut
1492 1428 1621 1481 scrip-

90 1501 207 1540 turae
247 1511 417 1542 sensum
457 1499 638 1541 scientes
672 1499 724 1540 ad
757 1499 847 1541 eius
880 1511 956 1541 nos
990 1499 1223 1554 dirigamus
1256 1499 1459 1553 exempla,
1499 1498 1621 1540 debe-

89 1583 184 1612 mus
223 1570 446 1624 inquirere,
486 1570 599 1624 quod
636 1571 780 1623 potest
816 1569 952 1612 facere
997 1570 1301 1623 quaestionem.
1341 1569 1413 1623 qui
1451 1569 1618 1624 Moysi’,
1658 1573 1681 1606 4

87 1641 238 1695 inquit,
272 1641 477 1683 ‘adsertor
509 1643 587 1692 est,
614 1641 899 1683 humilitatem
934 1641 1024 1683 eius
1057 1640 1272 1695 praedicat
1304 1642 1347 1683 et
1377 1643 1620 1683 mansuetu-

18 1699 65 1752 ⁷2o
89 1712 242 1762 dinem,
266 1712 377 1766 quod
404 1725 449 1754 se
474 1712 696 1767 indignum
722 1711 912 1754 iudicans
941 1711 1174 1754 ministerio
1201 1711 1267 1754 dei
1292 1712 1426 1754 maior
1446 1711 1633 1766 effectus,

11 1839 16 1844 ἡ
88 1783 162 1833 sit,
196 1783 342 1825 Esaias
375 1796 488 1835 uero,
522 1783 618 1837 quia
649 1784 762 1825 ultro
796 1796 842 1826 se
875 1783 1044 1836 obtulit,
1074 1783 1281 1838 incipiens
1314 1784 1564 1838 prophetare
1597 1796 1621 1825 a

87 1853 325 1896 maledictis
353 1854 508 1908 coepit:
536 1867 659 1896 aure
687 1854 928 1897 audietis
957 1856 1009 1897 et
1040 1867 1140 1896 non
1167 1854 1539 1910 intellegetis,
1569 1857 1620 1896 et

91 1928 370 1986 cernentes
405 1925 704 1980 aspicietis
739 1928 790 1967 et
821 1938 920 1967 non
952 1925 1238 1968 uidebitis.
1268 1925 1318 1967 ob
1348 1926 1460 1979 quod
1485 1926 1619 1967 multa
1657 1929 1678 1963 5

0 1910 8 1939 l

0 1991 4 2030 ι’

0 2045 10 2108 ζ
210 2054 225 2088 1
255 2053 349 2088 Esai.
376 2053 408 2098 6,
435 2053 457 2087 8
566 2053 587 2088 2
615 2053 734 2088 *Esai.
761 2055 793 2095 6,
820 2053 841 2088 9
957 2054 978 2087 9
1005 2053 1094 2088 *En
1119 2053 1154 2093 4,
1184 2053 1227 2088 10
1334 2054 1377 2089 10
1403 2053 1486 2088 *Ex.
1513 2054 1546 2097 4,
1575 2052 1618 2087 13

0 2113 13 2160 f*
90 2112 134 2145 12
160 2112 255 2147 Esai.
282 2113 314 2156 6,
341 2113 362 2147 8
439 2113 480 2147 15
506 2112 639 2147 Matth.
667 2113 699 2156 7,
726 2113 746 2147 7
774 2114 842 2147 etc.
917 2112 963 2146 22
989 2112 1106 2147 *Esai.
1133 2114 1165 2156 6,
1192 2113 1213 2146 9

138 2183 154 2217 1
183 2183 231 2218 sit
255 2183 297 2218 it.
316 2182 386 2218 RS
407 2183 449 2218 it.
470 2183 519 2218 sit
539 2184 571 2218 Σ
586 2183 702 2218 iturus
722 2186 784 2220 cet.
859 2183 966 2218 facile
985 2183 1021 2217 F
1043 2186 1077 2226 (e
1096 2193 1125 2218 s.
1147 2184 1169 2218 l.
1190 2184 1277 2228 m2),
1299 2183 1508 2228 Zsschmm
1580 2194 1617 2217 re

88 2243 203 2287 spond
215 2242 255 2278 F
270 2242 464 2287 respondet
475 2254 499 2287 g
547 2243 568 2277 3
582 2242 800 2287 intellegitis
813 2241 852 2276 F
852 2244 993 2287 a.c.m2‚
1008 2242 1112 2277 ΒΣΗ
1161 2244 1183 2277 4
1198 2245 1235 2277 et
1254 2253 1382 2277 cern.—
1398 2242 1472 2286 uid.
1485 2252 1551 2277 om.
1573 2242 1624 2276 W

0 2330 6 2350 ι
90 2301 111 2335 5
136 2300 296 2336 contexit
326 2301 377 2335 W
398 2300 582 2335 contexuit
607 2304 670 2336 cet.
749 2301 787 2335 in
811 2300 881 2336 hoc
905 2300 1037 2336 FLZS
1109 2301 1128 2335 7
1155 2302 1267 2347 ponat
1291 2300 1330 2335 D
1409 2301 1542 2347 agebat
1573 2301 1607 2336 Π

0 2370 11 2412 f
87 2360 203 2405 moysi
234 2360 285 2393 W
304 2371 452 2405 moysen
477 2360 513 2394 B
539 2359 650 2394 moise
675 2359 710 2393 L
735 2370 854 2405 moyse
881 2363 942 2395 cet.
1029 2371 1134 2406 esaye
1161 2362 1284 2406 (esaya
1308 2362 1385 2405 m2)
1412 2361 1448 2395 B
1515 2362 1537 2395 8
1562 2372 1616 2395 re-

0 2413 19 2485 }
89 2418 179 2462 quir.
207 2419 287 2463 quis
314 2429 360 2453 m.
385 2418 451 2453 fec.
479 2418 510 2453 S
587 2420 706 2453 utrum
732 2419 802 2453 ΡΣ
855 2419 898 2454 10
924 2418 1096 2464 praeuide
1121 2419 1192 2454 ΕΣ
1229 2420 1287 2465 ,12
1313 2431 1357 2455 ne
1389 2419 1439 2455 W
1492 2421 1536 2455 13
1555 2431 1616 2465 pr.

0 2479 13 2501 ι’
88 2477 146 2512 uel
171 2488 238 2512 om.
265 2477 304 2512 D
374 2478 416 2512 14
443 2476 618 2512 disserere
642 2477 780 2512 FZDS
874 2478 1062 2514 coronabit
1085 2478 1120 2513 L
1194 2479 1238 2514 15
1265 2479 1416 2524 queritis
1443 2480 1617 2524 (quer-etis

0 2508 11 2579 ,ξ
87 2539 164 2580 m2)
189 2536 230 2571 F
300 2536 342 2571 16
369 2547 439 2571 non
465 2547 493 2572 8.
521 2537 543 2571 l.
564 2537 603 2571 D
691 2547 752 2582 pr.
778 2538 820 2572 ut
844 2537 940 2583 W,B
963 2538 1015 2581 (in
1039 2549 1106 2583 my.
1134 2540 1220 2582 m2),
1246 2549 1315 2574 om.
1335 2542 1396 2574 cet.
1467 2539 1509 2573 17
1531 2537 1616 2573 diri-

0 2585 9 2623 Ϊ
86 2605 214 2639 gamur
238 2595 277 2630 D
399 2595 441 2631 18
469 2596 531 2641 qui
563 2595 645 2631 WB
670 2597 804 2642 quique
831 2601 894 2632 cet.
1021 2598 1064 2632 19
1090 2597 1234 2632 adserto
1261 2597 1301 2633 F
1406 2599 1462 2633 est
1487 2603 1558 2633 om:
1581 2598 1621 2632 F

0 2648 10 2690 ᾇ
86 2653 304 2688 humilitatis
324 2654 363 2688 D
436 2655 487 2700 et]
510 2665 550 2689 ac
569 2654 639 2689 DS
657 2657 694 2690 et
718 2655 785 2690 hac
811 2656 916 2698 (hanc
936 2657 1010 2700 me)
1030 2656 1070 2691 F
1114 2657 1160 2692 20
1181 2656 1330 2692 affectus
1356 2657 1407 2691 W
1450 2657 1492 2691 21
1518 2657 1614 2702 quia]

88 2712 150 2757 qui
174 2713 211 2747 in
244 2713 294 2747 W
315 2713 374 2758 qui
400 2724 424 2758 g
550 2713 594 2748 22
621 2713 840 2760 intellegitis
865 2714 1048 2760 Fa.c.¹m2,
1072 2715 1176 2751 LZD
1307 2716 1352 2750 23
1380 2714 1613 2761 cerm—uid]

88 2772 207 2807 cetera
232 2770 303 2806 DS
419 2772 488 2817 ob]
516 2772 584 2808 hoc
616 2773 668 2807 W
789 2773 885 2819 quod
910 2773 995 2809 inde
1019 2786 1044 2819 g
1170 2775 1298 2819 multa]
1327 2774 1422 2809 mala
1447 2773 1477 2809 S
1500 2774 1615 2809 multa

86 2829 182 2864 mala
206 2841 230 2874 g
