1884 3254
222 290 307 331 514
395 273 397 275 .
764 282 918 318 Sancti
942 281 1198 327 Hieronymi
1265 285 1270 290 '

222 417 272 459 in
306 428 457 470 quem
489 414 908 469 conpunxerunt,
940 423 1015 464 pro
1048 422 1128 464 quo
1160 410 1202 452 in
1237 409 1515 465 Septuaginta
1537 409 1740 465 legimus:

222 489 290 528 καὶ
315 485 585 540 ἐπιβλέψονται
610 484 710 538 πρὸς
737 497 800 538 με,
827 480 917 523 ἀνθ’
944 479 998 522 ὧν
1025 479 1319 537 ὲνωρχήσαντο,
1347 480 1458 534 quod
1481 480 1744 535 interpretati

226 560 326 599 sunt
353 555 513 598 Latini:
544 558 593 596 et
625 553 897 608 aspicient
929 552 991 594 ad
1022 563 1098 593 me
1129 563 1219 605 pro
1252 550 1349 604 his,
1381 563 1514 604 quae
1544 551 1743 592 inluse-

225 630 346 670 runt
377 626 468 669 siue
494 611 921 667 insultauerurit.
962 621 1172 676 discrepat
1202 621 1465 677 euangelista
1495 623 1539 663 et
1570 620 1746 674 Septua-

226 699 342 753 ginta
378 679 603 749 nostraqtie
633 694 868 744 translatio,
908 695 951 735 et
971 682 1125 750 *tamen
1164 704 1404 734 sermonum
1440 691 1625 734 uarietas
1664 691 1746 745 spi·
1786 701 1807 730 ο
1869 712 1870 715 =

226 768 332 809 ritus
363 767 524 809 unitate
563 764 794 807 concordat.
831 764 873 806 in
904 763 1076 805 Matheo
1109 775 1276 817 quoque
1311 763 1493 819 legimus
1531 761 1745 804 dominum
1873 751 1875 753 ¹

226 837 533 891 praedicantem
553 834 758 888 apostolis
777 834 924 888 fugam
945 837 986 875 et
1004 833 1084 875 hoc
1103 833 1242 888 ipsum
1264 832 1485 874 Zachariae
1503 831 1747 874 testimonio
1871 828 1882 907 ᾗ

228 907 562 950 confirmantem:
603 904 868 958 scriptum
900 906 996 953 est,
1029 903 1108 944 ait:
1146 903 1446 958 percutiam
1477 904 1747 956 pastorem
1873 911 1881 968 3

229 980 280 1020 et
317 989 443 1018 oues
484 975 885 1030 dispergentur.
924 977 967 1015 at
1001 973 1044 1015 in
1083 972 1360 1028 Septuaginta
1398 975 1441 1015 et
1475 973 1519 1014 in
1556 972 1748 1014 Hebraeo

229 1047 362 1089 multo
390 1046 511 1088 aliter
537 1048 620 1094 est;
647 1045 859 1087 non-enim
880 1057 927 1086 ex
945 1056 1124 1098 persona
1143 1043 1209 1085 dei
1230 1043 1397 1094 dicitur,
1422 1046 1473 1085 ut
1491 1042 1750 1098 euangelista
1773 1052 1812 1081 10

229 1118 337 1168 uult,
371 1116 444 1159 sed
483 1129 529 1157 ex
563 1115 792 1170 prophetae
826 1114 951 1157 deum
981 1117 1144 1168 patrem
1175 1114 1383 1169 rogantis:
1415 1116 1641 1167 percute
1672 1125 1751 1167 pa-

231 1190 444 1236 storem,
478 1189 528 1228 et
560 1186 947 1240 dispergentur
978 1197 1119 1227 oues.
1158 1184 1200 1226 in
1232 1184 1326 1235 hoc,
1358 1188 1407 1226 ut
1437 1184 1627 1234 arbitror,
1659 1183 1752 1226 loco

229 1259 345 1300 iuxta
388 1256 653 1310 quorundam¹
697 1256 963 1310 prudentiam
1013 1255 1274 1311 euangelista
1322 1255 1479 1310 piaculi
1527 1267 1624 1297 reus
1675 1256 1754 1305 est,

233 1328 345 1382 quod
370 1340 499 1369 ausus
527 1326 584 1369 sit
608 1327 836 1381 prophetae
861 1326 991 1368 uerba
1017 1325 1066 1367 ad
1095 1325 1161 1367 dei
1179 1326 1330 1367 referre
1349 1338 1582 1379 personam.
1608 1324 1758 1367 scribit

235 1411 361 1453 supra
399 1397 538 1440 dictus
582 1397 857 1451 euangelista·
889 1396 940 1439 ad
984 1397 1122 1452 angeli
1165 1397 1372 1439 monitum
1414 1396 1566 1439 tulisse
1601 1395 1755 1450 Ioseph
1780 1409 1819 1437 15

234 1469 455 1524 paruolum
488 1472 531 1510 et
562 1469 738 1509 matrem
771 1467 863 1510 eius
897 1471 939 1509 et
974 1467 1152 1509 intrasse
1184 1468 1426 1522 Aegyptum
1462 1467 1606 1521 ibique
1644 1478 1758 1508 man·

237 1539 344 1582 sisse
382 1551 517 1592 usque
556 1538 606 1580 ad
645 1538 806 1580 obitum
847 1538 1042 1589 Herodis,
1081 1541 1130 1580 ut
1165 1538 1409 1591 inpleretur,
1449 1538 1560 1592 quod
1598 1537 1758 1579 dietum

237 1612 303 1652 est
333 1622 357 1651 a
388 1609 554 1651 domino
587 1621 660 1662 per
689 1608 956 1663 prophetam:
991 1622 1045 1651 ex
1076 1610 1320 1664 Aegypto
1354 1609 1549 1651 uocaui
1579 1608 1760 1650 filium

238 1693 419 1721 meum.
452 1679 531 1721 hoc
563 1679 697 1721 nostri
729 1679 895 1720 codices
927 1691 1006 1721 non
1038 1679 1205 1729 habent,
1239 1678 1313 1720 sed
1342 1679 1385 1720 in
1419 1678 1527 1721 Osee
1557 1678 1763 1733 propheta

237 1752 352 1792 iuxta
390 1750 638 1794 Hebraicam
677 1749 875 1791 scribitur
910 1749 1133 1791 ueritatem
1147 1750 1326 1803 :mquia
1369 1762 1498 1804 puer
1533 1748 1758 1799 Israhel,
1785 1760 1824 1788 20

1863 326 1881 681 ‘·³·<u;¹oe.na-·=5·.-‹Aae.„‚..
1868 179 1879 303 *aa-fl
1873 116 1877 123 .

358 1945 378 1979 3
405 1944 530 1980 *Zaeln
558 1945 612 1984 12,
641 1944 685 1979 10
781 1944 802 1979 8
829 1944 981 1979 *Matth.
1009 1945 1065 1988 26,
1092 1945 1135 1979 31
1243 1945 1283 1978 11
1312 1944 1416 1979 Zach.
1446 1944 1500 1987 13,
1526 1945 1546 1979 7
1646 1945 1690 1980 14
1714 1943 1760 1979 cf.

240 2003 371 2039 Matth.
398 2004 430 2045 2,
458 2004 595 2038 13—15
670 2003 714 2038 18
739 2003 870 2038 Matth.
896 2003 929 2044 2,
959 2004 1000 2038 15
1075 2003 1120 2038 20
1148 2002 1208 2039 Os.
1238 2004 1293 2043 11,
1322 2004 1338 2037 1
1367 2005 1450 2047 (sec.
1477 2003 1602 2046 Hebr.)

291 2156 306 2189 1
336 2165 530 2200 conpuncx.
557 2154 639 2189 uW
660 2165 808 2198 conpux.
829 2154 868 2188 D
941 2155 961 2188 2
986 2165 1119 2199 graeca
1142 2154 1283 2189 mendis
1308 2158 1452 2189 tantum
1476 2165 1552 2189 non
1577 2159 1703 2190 carent
1720 2155 1764 2189 in

242 2212 331 2255 uW,
358 2212 567 2256 deprauata
591 2213 652 2247 uel
675 2224 809 2247 manca
832 2213 874 2248 in
900 2216 962 2247 cet.
1053 2214 1074 2248 3
1099 2213 1282 2258 aspiciunt
1306 2213 1338 2247 Σ
1431 2213 1493 2258 qui
1516 2213 1552 2247 B
1640 2214 1664 2248 4
1690 2213 1762 2248 dis—

244 2276 391 2316 crepant
416 2271 548 2315 Zp.c.B
662 2271 886 2316 euangelista
911 2271 994 2307 uW
1015 2274 1163 2316 -stae(e)
1191 2276 1253 2307 cet.
1375 2275 1412 2306 et
1436 2272 1501 2316 uS',
1525 2283 1555 2307 8.
1581 2272 1604 2307 1.
1631 2272 1669 2315 Σ,
1695 2282 1764 2306 om.

244 2333 306 2364 cet.
427 2332 517 2375 sept.
544 2340 568 2364 11
595 2330 830 2374 interpretum
862 2329 913 2364 W
935 2332 1026 2375 sept.
1052 2331 1122 2373 (-te
1149 2330 1190 2373 S)
1216 2331 1452 2375 interpretum
1478 2335 1542 2366 cet.
1644 2331 1665 2365 5
1690 2341 1764 2366 ser-

244 2398 346 2421 mone
374 2387 402 2421 S
502 2389 631 2433 spiritu
657 2388 695 2422 D
792 2388 811 2422 7
838 2387 1105 2434 praedicentem
1130 2388 1235 2423 ΣΒΒ
1331 2389 1352 2424 9
1379 2388 1469 2434 disp.
1496 2387 1552 2422 ou.
1577 2399 1602 2433 g
1709 2389 1761 2434 at]

246 2448 309 2480 aut
339 2445 389 2479 W
458 2447 522 2481 alt.
549 2447 586 2480 in
613 2457 679 2481 om.
704 2449 737 2481 ,Ω
810 2447 916 2482 ebreo
948 2447 999 2481 W
1044 2447 1087 2482 10
1113 2447 1265 2482 multum
1291 2446 1322 2481 S
1392 2450 1448 2482 est
1471 2458 1539 2482 om.
1564 2458 1588 2492 g
1639 2448 1678 2482 11
1708 2448 1764 2492 ex]

246 2507 283 2539 et
307 2504 345 2538 D
465 2505 640 2550 propheta
665 2505 732 2540 ΣΙ)
851 2516 1020 2551 rogamus
1046 2506 1085 2540 D
1206 2507 1250 2540 12
1275 2505 1618 2551 dispe(aD)rgantur
1647 2505 1767 2541 WDS

246 2564 287 2597 ut
311 2563 347 2597 in
373 2562 440 2598 hoc
467 2563 499 2597 Σ
556 2563 599 2598 13
626 2563 847 2608 quarundam
872 2574 896 2599 11
960 2565 1003 2599 14
1028 2565 1173 2610 scripsit
1197 2564 1228 2599 S
1293 2566 1336 2600 16
1361 2565 1498 2610 paruol.
1523 2564 1607 2599 uW
1626 2565 1764 2609 paruul.

247 2624 308 2656 cet.
417 2621 516 2666 intr.]
545 2621 630 2656 add.
657 2623 692 2656 in
719 2622 757 2656 D
783 2633 810 2657 s.
837 2623 860 2657 l.
886 2625 948 2657 m2
971 2634 996 2667 g
1103 2626 1223 2669 egypt.
1254 2623 1305 2658 W
1325 2624 1436 2669 egipt.
1462 2623 1530 2658 RS
1616 2624 1659 2658 17
1687 2634 1765 2658 ero-

249 2679 302 2713 dis
329 2690 351 2714 u
473 2683 513 2714 ut
538 2691 604 2715 om.
637 2680 687 2715 W
809 2681 1066 2726 adimpleretur
1089 2683 1123 2716 Ω
1243 2683 1285 2717 18
1312 2685 1367 2717 est
1392 2693 1456 2716 om.
1482 2683 1515 2716 Ω
1638 2681 1764 2727 proph.

250 2738 426 2773 dicentem
454 2738 512 2773 ΣΒ
534 2750 613 2773 cum
646 2739 749 2785 Vuly.
859 2741 981 2785 egipto
1012 2739 1128 2775 WBS
1225 2741 1267 2776 19
1293 2751 1402 2776 oseaev
1423 2741 1517 2776 ιιΣΒ
1610 2741 1765 2786 prophe-

250 2801 322 2830 tam
355 2796 409 2837 W,
436 2808 503 2831 om.
528 2808 551 2841 g
623 2799 668 2833 20
694 2798 847 2834 hebreic.
880 2798 965 2833 WD
992 2798 1120 2834 ebraic.
1148 2800 1181 2834 Σ
1260 2810 1333 2834 uer.
1360 2810 1424 2833 scr.
1451 2799 1487 2833 B
1564 2800 1650 2844 uer.]
1678 2798 1766 2833 add.

250 2865 327 2888 cum
355 2855 405 2888 ait
431 2856 461 2889 Σ
