1884 3254
215 2019 219 2023 ,
275 1976 317 2010 13
345 1975 388 2011 cf.
413 1976 474 2012 Ex.
501 1977 558 2019 33,
586 1978 624 2011 11

272 271 330 313 90
815 265 965 301 Sancti
990 265 1242 310 Hieronymi

271 401 542 450 contestatur,
562 397 809 453 purgatione
829 397 980 451 dignus
1001 395 1199 444 efficitur3
1221 396 1402 450 populus
1422 408 1522 438 uero
1543 409 1622 438 non
1649 397 1788 439 solum

272 482 354 511 non
397 481 523 524 agens
566 467 879 522 paenitentiam,
923 466 997 508 sed
1038 456 1268 525 ne'xsciens
1313 465 1497 519 quidem,
1537 466 1635 519 quia
1675 466 1789 529 labia

274 539 424 581 habeat
459 538 672 589 inmunda,
715 537 976 593 purgationis
1020 536 1251 578 remedium
1294 548 1375 577 non
1418 538 1613 578 meretur.
1648 537 1814 590 proui-v

274 609 455 651 dendum
493 609 623 663 igitur
660 608 739 650 sub
778 607 856 649 hoc
900 607 1088 660 exemplo
1131 619 1211 648 non
1257 606 1409 656 solum,
1448 608 1498 647 ut
1532 606 1616 660 ipsi
1653 607 1787 650 simus

272 678 389 730 iusti,
422 679 509 729 sed,
542 690 592 719 ne
625 690 720 719 cum
753 677 1045 731 peccatoribus
1077 689 1302 727 moremur,
1329 676 1428 730 quia
1453 678 1496 718 et
1521 677 1666 719 hocin
1691 689 1788 732 pec-
1827 684 1848 715 δ

274 749 356 791 cati
389 761 435 790 ac
466 748 659 790 miseriae
691 750 806 802 parte
839 747 956 789 ducit
987 747 1202 802 propheta.

334 819 398 861 13.
432 818 649 872 Sequitur:
684 819 735 859 et
765 830 942 873 regem
975 817 1242 859 dominum
1275 817 1503 859 sabaoth
1541 829 1637 872 ego
1670 818 1788 861 uidi

271 889 468 943 <oculis
500 889 663 943 meis).
697 888 815 930 aiunt
838 887 983 930 Iudaei
1008 888 1177 930 Esaiam
1203 900 1227 929 a
1251 887 1481 930 maioribus
1514 888 1602 930 suis
1629 888 1788 933 idcireo

270 960 582 1014 interemptum,
620 959 730 1012 quia,
777 971 872 1000 cum
911 959 1081 1012 Moyses
1123 959 1355 1013 posteriora
1399 958 1466 1000 dei
1508 958 1676 1011 uiderit,
1719 960 1790 1003 hic

273 1030 485 1072 dominum
525 1030 701 1072 sabaoth
740 1029 872 1071 oculis
905 1029 1142 1072 carnalibus
1180 1029 1341 1071 uidisse
1374 1042 1418 1071 se
1451 1029 1621 1082 scribat,
1659 1043 1786 1086 super
1806 1037 1845 1067 1⁰

272 1101 351 1142 hoc
382 1100 457 1142 deo
491 1100 670 1142 dicente:
702 1112 848 1142 nemo
882 1100 1076 1142 faciem
1106 1113 1269 1141 meam
1305 1099 1518 1142 uidebit
1543 1103 1595 1142 et
1618 1101 1788 1144 uiuet.

274 1183 377 1224 quos
408 1170 771 1225 interrogabimus,
804 1171 1012 1224 quomodo
1046 1183 1091 1212 se
1123 1170 1227 1212 deus
1258 1171 1300 1212 in
1331 1171 1424 1226 lege
1451 1171 1545 1213 aliis
1570 1172 1789 1226 prophetis
1855 1177 1858 1179 ’

271 1241 313 1282 in
344 1240 507 1282 uisione
533 1246 575 1282 et
600 1241 760 1282 somnio
788 1241 900 1282 dicat
932 1241 1109 1292 ostendi,
1135 1241 1275 1295 Moysi
1300 1254 1399 1283 uero
1426 1241 1535 1283 facie
1561 1241 1612 1283 ad
1637 1241 1789 1284 fac-iem

272 1310 479 1363 conloqui,
501 1313 543 1352 et
563 1311 769 1364 quomodo
791 1313 875 1353 stet
893 1311 967 1353 illa
986 1311 1212 1353 sententia:
1233 1324 1380 1354 nemo
1406 1312 1600 1354 faciem
1625 1325 1790 1355 meam
1860 1305 1862 1307 '

272 1381 486 1423 uidebit
516 1383 567 1423 et
597 1382 763 1433 uiuet,
791 1395 887 1424 cum
919 1371 1024 1424 facie
1057 1382 1107 1424 ad
1139 1382 1288 1424 faeiem
1322 1382 1367 1425 se
1393 1382 1444 1424 ad
1469 1383 1643 1437 Moysen
1669 1382 1865 1432 locu-1⁵

270 1454 363 1492 tum
396 1464 489 1493 esse
519 1451 711 1493 fateatur.
743 1452 1054 1506 respondebunt
1084 1452 1232 1505 utique
1265 1453 1498 1511 secundum
1529 1453 1790 1507 possibilita·
1861 1445 1865 1501 ῗ

272 1526 358 1562 tem
383 1521 607 1563 humanam
634 1522 758 1564 deum
782 1522 936 1575 uisum,
963 1535 1043 1565 non
1070 1525 1118 1564 ut
1143 1525 1220 1574 est,
1248 1522 1320 1564 sed
1339 1525 1389 1565 ut
1407 1523 1547 1565 uoluit
1571 1535 1617 1566 se
1642 1523 1790 1566 uideri.

273 1592 427 1644 quibus
466 1595 508 1634 et
543 1605 619 1635 nos
652 1592 839 1635 dicemus
872 1593 1017 1635 eodem
1048 1593 1173 1636 modo
1207 1596 1248 1636 et
1279 1594 1329 1635 ab
1361 1593 1488 1636 Esaia
1519 1606 1612 1636 esse
1643 1594 1788 1637 uisum
1862 1621 1865 1626 ,

272 1663 453 1704 restante
485 1675 662 1715 summa,
695 1666 744 1705 ut
768 1663 938 1718 Moyses
971 1664 1093 1706 deum
1127 1666 1201 1705 aut
1230 1663 1387 1706 uiderit
1417 1666 1492 1706 aut
1516 1677 1596 1707 non
1622 1664 1789 1708 uiderit.

273 1732 397 1774 uidit:
431 1746 528 1788 ergo
561 1735 603 1775 et
628 1734 772 1776 Esaias
806 1734 964 1776 uidisse
997 1746 1041 1776 se
1075 1734 1215 1776 dicens
1247 1734 1359 1788 inpie
1391 1736 1457 1776 est
1486 1735 1733 1778 interfectus
1765 1747 1788 1778 a
1811 1741 1849 1772 20

391 1918 410 1951 7
439 1918 555 1952 *Esar
581 1918 614 1959 6,
640 1919 661 1952 5
781 1919 802 1953 9
835 1918 879 1955 cf.
910 1918 974 1954 Ex.
1006 1919 1062 1963 33,
1095 1919 1235 1954 20-23
1371 1921 1424 1954 11.
1458 1920 1503 1954 14
1536 1919 1618 1955 *Ex.
1653 1920 1710 1964 33,
1742 1919 1789 1955 20
1859 1895 1864 1911 ²

321 2081 337 2115 1
365 2083 586 2126 protestatur
610 2081 640 2116 S
731 2083 884 2128 populos
915 2083 967 2118 W
1039 2084 1061 2117 2
1087 2095 1158 2118 non
1184 2084 1308 2131 (eras.)
1333 2096 1444 2130 agens
1469 2084 1504 2119 L
1529 2096 1640 2130 agens
1664 2096 1736 2120 non
1760 2084 1792 2120 S

271 2139 334 2174 sed
360 2142 397 2174 et
421 2140 456 2174 Β
551 2151 616 2175 nec
641 2141 692 2175 W
783 2143 882 2188 quia]
911 2143 970 2188 qui
997 2144 1030 2178 Σ
1050 2144 1182 2189 (coron),
1202 2143 1233 2178 S
1301 2144 1323 2179 3
1349 2143 1484 2179 habeat
1501 2143 1607 2179 LDS
1628 2144 1789 2180 habebat

271 2203 333 2233 cet.
401 2201 421 2233 5
446 2210 511 2234 nec
541 2199 659 2235 WDS
722 2202 743 2234 6
771 2202 826 2247 ac]
852 2212 882 2236 s.
908 2202 930 2236 l.
957 2204 1020 2238 m2
1042 2202 1083 2237 F
1105 2203 1170 2237 hac
1195 2204 1315 2247 (corr.)
1339 2202 1408 2238 ΕΣ
1429 2204 1466 2238 et
1495 2203 1579 2238 WB
1649 2203 1789 2238 miseri-

270 2256 413 2291 cordiae
437 2257 487 2291 W
577 2262 679 2303 parte
705 2260 769 2294 ΣΒ
842 2261 862 2295 7
890 2261 988 2306 Seq.]
1015 2271 1044 2297 s,
1072 2262 1094 2296 l.
1121 2263 1184 2296 m2
1202 2262 1241 2305 Σ,
1267 2271 1334 2298 om.
1355 2261 1449 2296 LW
1514 2261 1537 2296 8
1562 2262 1674 2297 oculis
1699 2262 1787 2297 meis

272 2315 405 2349 addidi
431 2316 490 2360 (cf.
515 2327 629 2360 supra
650 2329 687 2362 p.
719 2321 779 2361 74,
809 2321 855 2362 9),
882 2330 949 2353 om.
977 2320 1080 2355 codd.
1177 2321 1198 2355 9
1225 2323 1467 2366 contemptum
1493 2320 1533 2356 D
1622 2320 1668 2356 10
1693 2320 1787 2357 dom.

270 2385 301 2408 ε.
327 2374 349 2408 l.
375 2374 408 2408 Σ
480 2385 531 2409 oc.
559 2377 667 2421 carn.]
693 2387 721 2413 8.
749 2377 773 2412 l.
799 2378 837 2418 Σ,
865 2389 931 2413 om.
958 2379 993 2412 L
1070 2390 1108 2414 se
1134 2390 1202 2415 om.
1235 2379 1286 2414 W
1353 2380 1498 2425 scripsit
1521 2380 1558 2414 B
1607 2380 1652 2415 12
1675 2380 1792 2415 inter-f

272 2431 478 2477 rogabimus
509 2433 539 2468 S
571 2434 834 2480 interrogm„
864 2437 911 2481 (si
942 2438 1204 2483 interrogemus
1229 2440 1304 2482 me)
1330 2439 1366 2473 Β
1395 2438 1699 2484 interrogauimus
1723 2442 1786 2474 cet.

272 2490 324 2535 se]
350 2501 418 2525 om.
450 2491 532 2526 WB
555 2504 661 2537 posse
686 2495 806 2538 (corr.)
833 2494 871 2528 F
977 2496 1078 2531 deum
1106 2496 1146 2531 D
1243 2497 1285 2532 13
1312 2498 1488 2532 uisionem
1519 2497 1572 2532 W
1662 2507 1787 2533 somno

270 2548 547 2590 FZS‚Ba.c.m2
706 2563 744 2588 se
769 2555 809 2597 (s.
837 2554 861 2589 l.
886 2556 950 2588 m2
973 2555 1021 2598 B)
1050 2555 1148 2590 dicat
1179 2555 1261 2590 WB
1419 2556 1465 2591 ad
1495 2555 1622 2592 faciem
1648 2567 1677 2591 8.
1703 2556 1726 2592 l.
1752 2555 1787 2590 L

274 2609 318 2642 15
337 2619 397 2652 pr.
424 2608 469 2643 ad
494 2611 534 2644 in
557 2621 631 2646 ras.
658 2611 693 2646 Β
802 2613 867 2647 alt.
893 2612 954 2659 adj
981 2624 1058 2648 cum
1084 2615 1119 2649 Β
1217 2616 1260 2650 16
1287 2615 1420 2651 fatetur
1443 2615 1484 2651 F
1577 2617 1661 2661 sem]
1685 2615 1788 2651 iuxta

270 2665 379 2702 FDS
450 2668 492 2702 17
520 2669 584 2704 alt.
611 2671 652 2704 ut
675 2681 704 2705 s.
730 2671 752 2705 1.
779 2671 812 2706 Σ
892 2672 936 2707 18
963 2672 1122 2708 dicemus
1153 2673 1205 2707 W
1225 2674 1376 2709 dicimus
1401 2678 1466 2709 cet.
1563 2674 1641 2710 eod.
1666 2673 1788 2720 modo]

270 2735 300 2759 ε.
326 2725 349 2761 l.
373 2728 437 2760 m2
461 2727 498 2770 Σ,
525 2738 590 2763 om.
615 2728 686 2763 FL
830 2730 894 2765 alt.
921 2732 958 2765 et
987 2731 1044 2775 W,
1071 2743 1137 2766 om.
1164 2736 1226 2767 cet.
1364 2733 1418 2768 ita
1441 2733 1559 2767 uisum
1585 2743 1662 2767 esse
1686 2731 1793 2768 FL2

273 2783 317 2818 19
338 2794 394 2827 pr.
421 2786 499 2830 aut]
525 2796 554 2821 s.
581 2786 603 2822 ἶ.
629 2788 692 2822 m2
716 2788 753 2831 Σ,
779 2798 847 2823 οηι.
873 2788 907 2822 L
1026 2789 1072 2825 20
1099 2790 1205 2836 uidit]
1234 2791 1263 2825 si
1289 2790 1394 2833 uidit,
1419 2790 1513 2826 uidit
1536 2802 1560 2835 ς
1616 2788 1620 2791 ’
1662 2802 1786 2837 esayas

273 2844 315 2885 (s.
342 2843 364 2879 l.
392 2843 452 2888 qui
477 2847 554 2888 m2)
579 2845 615 2879 B
639 2845 747 2881 isaias
774 2847 833 2891 qui
857 2858 881 2892 ς
977 2859 1015 2883 se
1042 2849 1127 2884 add.
1154 2852 1215 2884 m2
1235 2851 1267 2885 Σ
