1884 3254
265 257 351 299 314
801 253 955 288 Sancti
982 251 1235 296 Hieronymi

263 383 378 426 filii
411 384 809 432 conuertentes‚
844 383 895 423 et
925 392 1019 435 ego
1059 379 1258 422 curabo
1298 379 1662 422 contritiones
1699 392 1778 422 ue-

264 456 421 496 stras.
451 452 577 508 rigidi
608 454 750 493 autem
773 452 887 500 sunt,
919 462 999 491 non
1033 459 1114 502 quo
1142 450 1185 491 et
1209 448 1292 503 ipsi
1317 449 1459 503 peiora
1481 461 1563 491 non
1590 451 1776 503 peccent,

263 524 335 567 sed
367 523 478 578 quod
510 523 588 564 hoc
618 522 728 564 inter
757 533 833 563 nos
866 522 909 562 et
937 520 1034 562 illos
1067 520 1137 571 sit,
1169 519 1281 573 quod
1310 519 1376 561 illi
1407 519 1660 562 erubescunt
1683 531 1778 562 con-

261 594 369 636 fiteri
400 595 571 649 peccata
604 591 722 645 quasi
754 591 871 642 iusti,
902 602 994 641 nos,
1021 590 1122 631 dum
1145 589 1446 644 paenitentiam
1476 590 1655 645 agimus,
1678 589 1779 632 faci·

260 665 344 706 lius
375 665 541 706 ueniam
572 674 867 717 promeremur.
1115 688 1119 693 -
1817 675 1835 703 ς,

319 738 359 779 4.
397 735 695 778 Praetermitto
736 734 939 776 scelerata
975 733 1188 789 mysteria,
1229 746 1334 789 quae
1372 734 1572 777 dicuntur
1609 733 1659 777 de
1695 735 1777 778 lac·

259 808 372 848 tante
404 817 531 861 puero
564 808 604 848 et
637 805 687 847 de
712 805 880 848 uicturo
906 806 1087 859 maityre
1114 805 1358 847 confarrata.
1385 805 1496 848 malo
1527 805 1672 860 iniqua
1696 814 1778 849 non

258 877 442 927 credere;
477 877 534 919 sit
563 877 719 918 falsum
752 888 886 927 omne,
920 875 1032 930 quod
1063 875 1280 930 sanguinis
1312 878 1389 918 est.
1421 878 1563 930 aperta
1593 878 1660 919 est
1684 883 1780 919 con·

258 947 463 989 uincenda
481 947 742 1001 blasphemia
761 945 991 988 dicentium
1012 945 1138 988 deum
1161 946 1344 1000 primum
1364 946 1554 989 uoluisse
1578 947 1620 989 in
1644 946 1778 990 ueteri

258 1020 510 1060 testamento
548 1030 620 1071 per
650 1017 826 1072 Moysen
865 1019 910 1059 et
944 1017 1171 1071 'prophetas
1209 1017 1373 1060 saluere
1410 1016 1632 1067 mundum3
1666 1017 1779 1072 'quod
1801 1025 1837 1053 10

257 1088 353 1142 quia
383 1101 462 1130 non
495 1088 682 1142 potuerit
712 1088 891 1142 explere,
925 1099 1084 1142 corpus·
1111 1088 1348 1142 sumpsisse
1379 1088 1430 1130 de
1462 1088 1626 1143 uirgine
1659 1090 1704 1130 et
1731 1087 1774 1130 in

258 1158 423 1200 Christo
456 1159 534 1200 sub
567 1158 707 1212 specie
738 1158 815 1200 filii
845 1158 1158 1213 praedicantem
1182 1161 1362 1201 mortem
1389 1159 1530 1202 obisse
1554 1170 1627 1213 pro
1653 1159 1774 1201 nobis

256 1232 311 1281 et,
340 1229 438 1283 quia
461 1242 535 1283 per
560 1229 665 1271 duos
692 1229 846 1284 gradus
871 1229 1077 1272 mundum
1103 1231 1266 1272 saluere
1291 1230 1543 1284 nequiuerit‚
1570 1230 1622 1273 ad
1647 1232 1777 1272 extre-

255 1313 371 1341 mum
408 1313 481 1354 per
518 1299 713 1353 spiritum
753 1302 945 1342 sanctum
984 1300 1027 1342 in
1058 1300 1321 1352 Montanu'm,
1353 1300 1542 1343 Priscam
1575 1302 1619 1342 et
1647 1296 1776 1342 Maxi-

254 1370 428 1422 millam,
460 1371 627 1413 insanas
670 1371 864 1422 feminas,
903 1360 1173 1414 descendisse
1213 1373 1256 1413 et
1292 1371 1609 1427 plenitudinem,
1649 1383 1774 1425 quam
1799 1379 1834 1407 1⁵

253 1441 411 1483 Paulus
436 1454 517 1484 non
543 1442 738 1484 habuerit
763 1442 923 1485 dicens:
950 1455 1006 1484 ex
1036 1445 1189 1496 parte
1223 1443 1603 1499 cognoscimus
1637 1445 1688 1485 et
1718 1452 1776 1484 ex

253 1514 404 1564 parte
429 1513 813 1567 prophetamus
847 1515 907 1555 et:
934 1526 1068 1555 nunc
1102 1514 1348 1556 uidemus
1375 1526 1468 1568 per
1492 1513 1774 1567 speculum

254 1582 303 1623 in
343 1583 646 1638 aenigmate
685 1584 973 1632 abscisum'et
1004 1584 1253 1627 semiuirum
1283 1584 1481 1627 habuisse
1513 1583 1775 1626 Montanum.

253 1652 355 1695 haec
399 1655 667 1709 coargutione
711 1667 790 1697 non
834 1654 1042 1710 indigent3
1081 1655 1297 1710 perfidiam
1342 1666 1487 1697 eorum
1531 1654 1774 1708 exposuisse

255 1736 474 1778 superasse
510 1726 589 1770 est„
623 1738 697 1767 nec
735 1738 910 1768 necesse
949 1729 1028 1777 est,
1060 1729 1108 1767 ut
1146 1727 1314 1781 singula
1351 1725 1636 1776 deliramenta,
1667 1737 1774 1779 quae
1797 1729 1834 1762 ΞΟ

253 1795 479 1847 proferunt,
511 1795 679 1838 breuior
711 1796 919 1850 epistulae
952 1809 1089 1839 sermo
1123 1797 1359 1852 subuertat,
1394 1806 1487 1838 cum
1523 1798 1566 1838 et
1601 1798 1650 1838 tu
1680 1796 1773 1849 ipsa

253 1865 480 1918 scripturas
513 1865 699 1921 adprime
730 1869 874 1909 tenens
906 1880 986 1909 non
1019 1873 1106 1909 tam
1138 1867 1190 1909 ad
1223 1879 1365 1909 eorum
1405 1869 1520 1909 mota
1551 1866 1610 1909 sis
1648 1878 1772 1920 quae-

251 1935 424 1987 stiones,
457 1948 596 1991 quam,
631 1937 730 1991 quid
763 1938 974 1989 sentirem,
1007 1951 1031 1979 a
1061 1951 1127 1980 me
1159 1938 1346 1980 uolueris
1379 1937 1600 1980 sciscitari.

371 2074 414 2108 16
440 2074 458 2108 Ι
484 2073 562 2110 Cor.
591 2076 645 2119 13,
672 2076 692 2110 9
768 2076 810 2110 17
836 2075 874 2109 *1
900 2075 979 2111 Cor.
1007 2076 1061 2117 13,
1090 2076 1133 2110 12

301 2156 317 2189 1
345 2158 567 2191 reuertentes
594 2158 630 2191 B
702 2158 723 2190 2
750 2157 866 2203 redigi
891 2159 926 2193 A
1013 2158 1035 2192 3
1062 2157 1157 2203 quod
1181 2169 1210 2194 3.
1237 2158 1259 2193 Ζ.
1286 2158 1332 2203 Β,
1359 2168 1425 2192 om.
1450 2169 1474 2202 g
1569 2158 1631 2202 sit]
1659 2157 1768 2192 inter-

253 2216 307 2247 est
325 2226 349 2259 g
397 2215 418 2249 6
444 2215 602 2250 lactente
623 2217 837 2261 Bp.e.m2gq
875 2218 894 2251 7
923 2216 966 2251 de
991 2227 1057 2252 om.
1077 2228 1102 2261 g
1173 2217 1312 2262 iniqua]
1339 2217 1484 2262 inquam
1504 2228 1528 2261 g
1576 2217 1598 2252 8
1623 2217 1770 2262 sanguis

251 2273 326 2306 ΛΠ
349 2274 559 2318 sanguinem
585 2275 623 2308 1)
736 2287 797 2320 pr.
824 2277 879 2310 est
904 2286 971 2311 om.
998 2276 1036 2310 Ι)
1145 2278 1290 2321 apertae
1315 2276 1351 2310 B
1455 2276 1500 2311 10
1526 2275 1634 2321 quod]
1660 2275 1723 2310 sed
1746 2287 1771 2319 ς

254 2331 296 2364 12
323 2332 453 2367 obiisse
478 2345 501 2376 g
612 2335 653 2368 13
679 2345 747 2369 non
776 2335 933 2380 quiuerit
956 2335 992 2369 B
1091 2335 1135 2369 14
1159 2335 1354 2380 priscillam
1380 2335 1419 2369 H
1526 2335 1568 2370 16
1593 2334 1770 2370 habuerat

252 2390 355 2427 Ham.
497 2393 539 2426 19
564 2393 651 2427 haec
675 2394 711 2427 B
737 2396 792 2428 est
818 2405 908 2438 quae
935 2393 1023 2429 add.
1049 2398 1110 2430 cet.
1138 2395 1222 2429 sunt
1247 2405 1337 2440 quae
1365 2394 1450 2429 add.
1475 2406 1499 2438 g
1607 2394 1768 2439 coargui-

251 2449 349 2484 tioue
375 2449 414 2483 D
439 2461 507 2495 quo
535 2451 771 2496 arguitionem
798 2453 833 2486 A
912 2453 1052 2498 indiget
1078 2454 1246 2490 Ameana
1324 2453 1473 2498 perfidia
1497 2453 1572 2488 AD
1633 2453 1678 2488 20
1702 2463 1767 2487 nec

250 2507 296 2551 B,
322 2518 388 2544 om.
416 2513 477 2543 eet.
575 2509 818 2545 deleramenta
842 2511 998 2555 A,Da.c.
1073 2511 1115 2546 21
1143 2512 1240 2557 ipsas
1260 2512 1332 2546 ΠΒ
1404 2512 1449 2546 22
1476 2512 1524 2546 sis
1549 2524 1576 2546 s.
1604 2512 1627 2547 l.
1652 2514 1715 2547 m?
1732 2512 1768 2546 Β

250 2566 295 2600 23
322 2577 342 2600 a
365 2577 393 2601 s.
421 2567 443 2603 l.
463 2566 498 2601 B
594 2568 708 2613 scisc.]
737 2568 822 2603 add.
851 2570 996 2614 explicit
1020 2572 1145 2605 contra
1170 2572 1377 2605 montanum
1405 2570 1443 2605 1)
