1884 3254
37 989 72 1017 10

36 1343 71 1372 15

32 1697 68 1725 20

638 187 843 256 Epistula
866 211 968 246 xm
995 212 1085 246 1—3
1542 217 1625 257 317

102 342 178 391 uit,
210 341 252 382 in
290 340 424 382 filium
464 339 646 382 hominis
687 352 737 381 an
774 339 815 381 in
856 339 1051 393 spiritum
1087 342 1279 382 sanctum
1312 341 1484 383 uidetur
1516 355 1626 385 com-

100 411 270 454 misisse
301 412 551 465 peccatum?
585 410 620 452 si
652 410 708 460 id,
743 409 855 464 quod
888 410 965 451 ait:
999 410 1186 452 nescio
1220 411 1498 463 hominem,
1529 413 1627 454 ridi·
1665 415 1686 449 3

101 483 194 524 oule
224 481 407 524 uoluerit
438 481 703 536 interpretari
734 493 815 522 non
850 480 1066 523 Christum
1100 494 1195 522 eum
1229 495 1422 537 negasse,
1456 483 1530 525 sed
1555 484 1626 525 ho-

100 553 268 602 minem,
308 552 549 594 mendacem
587 551 714 594 faciet
751 551 1019 603 saluatorem,
1059 552 1131 606 qui
1170 565 1229 604 se,
1268 553 1347 596 hoc
1388 556 1453 596 est
1490 554 1626 596 filium

101 623 179 674 dei,
212 623 452 678 negandum
485 635 578 665 esse
609 622 883 676 praedixerat.
920 623 957 664 si
989 625 1129 665 autem
1163 624 1337 678 negauit
1373 625 1505 667 filium
1546 625 1625 676 dei,

99 694 207 736 unde
242 697 284 736 et
316 707 452 735 amare
485 693 605 735 fleuit
637 695 679 734 et
717 693 868 735 trinam
905 695 1169 749 negationem
1203 696 1312 738 trina
1347 699 1496 750 postea
1533 708 1627 738 con-

97 765 281 808 fessione
309 765 481 815 deleuit,
502 764 775 806 manifestum
805 767 870 806 est
894 768 1116 819 peccatum
1143 765 1185 806 in
1213 766 1411 820 spiritum
1432 769 1625 809 sanctum

98 836 140 878 id
159 850 241 879 non
267 849 393 890 posse
421 836 591 888 dimitti,
612 835 723 890 quod
750 835 902 878 habeat
926 835 1250 891 blasphemiam,
1271 839 1333 888 ut,
1356 849 1452 879 cum
1477 837 1625 879 uideas

97 907 137 949 in
182 906 415 949 uirtutibus
462 907 601 957 deum,
641 906 853 948 Belzebub
900 907 1168 949 calumnieris
1213 908 1255 949 in
1300 907 1439 950 factis.
1479 908 1628 949 doceat
1662 911 1685 944 4

95 978 227 1033 igitur
258 978 439 1031 aliquem
471 979 714 1033 negatorem
739 977 953 1019 Belzebub
986 990 1162 1020 uocasse
1189 977 1420 1030 Christum,
1447 981 1490 1021 et
1513 979 1624 1021 ultro

96 1049 270 1090 referam
304 1048 478 1104 gradum
512 1050 754 1105 negatorem
787 1061 868 1090 non
901 1061 1025 1103 posse
1058 1049 1224 1090 ueniam
1265 1049 1480 1104 consequi,
1512 1049 1626 1091 aliud

97 1122 162 1162 est
191 1120 414 1162 tormentis
447 1119 594 1161 cedere
627 1121 669 1161 et
695 1132 739 1161 se
766 1119 1050 1162 Christianum
1077 1133 1240 1176 negare,
1268 1120 1384 1162 aliud
1411 1120 1624 1163 Christum

96 1190 310 1232 diabolum
344 1190 494 1241 dicere,
527 1191 641 1233 sicut
670 1191 749 1232 tibi
780 1191 874 1244 ipsa
905 1190 1113 1244 scriptura
1144 1193 1269 1245 atque
1302 1193 1522 1234 contextus
1556 1191 1623 1232 ad-

93 1261 253 1303 tentius
284 1262 394 1302 lecta
426 1263 625 1315 poterunt
657 1261 952 1304 demonstrare.

155 1332 196 1373 3.
234 1331 390 1373 Fuerat
429 1331 598 1385 quidem
642 1331 846 1385 prolixius
893 1332 1198 1384 disserendum,
1238 1333 1312 1375 sed
1349 1333 1545 1387 quoniam
1584 1335 1626 1375 et

93 1402 255 1453 amicis,
288 1402 360 1457 qui
393 1401 445 1444 ad
476 1404 669 1444 nostrum
700 1402 980 1456 hospitiolum
1014 1405 1312 1454 conuenerunt,
1344 1403 1623 1457 praesentiam

93 1475 279 1515 nostram
310 1485 462 1528 negare
495 1485 576 1514 non
615 1484 844 1527 possumus
879 1474 921 1514 et
952 1472 1032 1515 tibi
1070 1486 1150 1515 non
1191 1473 1336 1516 statim
1372 1474 1623 1528 respondere

94 1543 318 1586 admodum
362 1544 506 1585 uisum
551 1545 617 1585 est
660 1542 919 1598 adrogantis,
962 1543 1094 1585 latam
1133 1543 1461 1599 disputationem
1504 1544 1624 1586 breui

93 1627 283 1657 sermone
322 1614 712 1669 conprehendimus,
753 1616 801 1656 ut
838 1627 918 1656 non
956 1616 1042 1656 tam
1082 1615 1308 1669 epistulam
1348 1629 1472 1670 quam
1514 1628 1624 1657 com-

93 1685 390 1728 mentariolum
423 1685 692 1728 dictaremus.

212 1823 233 1858 2
261 1822 412 1858 *Matth.
440 1823 497 1867 26,
524 1822 569 1857 72
597 1823 664 1858 etc.
770 1823 793 1857 4
819 1822 864 1860 cf.
891 1823 1022 1858 Matth.
1050 1824 1106 1868 26,
1133 1824 1178 1859 34
1207 1822 1275 1859 etc.
1373 1825 1393 1859 6
1421 1824 1463 1861 cf.
1490 1824 1623 1860 Matth.

94 1883 150 1924 26,
178 1883 222 1918 75
250 1885 317 1918 etc.

128 1964 159 1998 ,1
188 1964 253 1999 alt.
279 1963 314 1998 in
340 1964 418 1998 sul.
448 1963 519 1998 ΠΒ
617 1964 746 2009 spiritu
773 1966 897 1999 sancto
923 1965 959 1999 A
1058 1965 1078 1999 2
1104 1964 1405 2000 rid.—hominem
1428 1965 1471 2000 in
1494 1976 1560 2010 my.
1586 1966 1623 2000 Β

93 2024 114 2057 ἶ)
140 2022 280 2057 si—dei
303 2022 345 2058 in
369 2033 436 2067 my.
462 2023 499 2057 Β
619 2023 641 2057 8
666 2022 718 2068 id]
746 2023 829 2058 ideo
854 2035 878 2068 g
1015 2025 1071 2069 ut]
1100 2026 1136 2059 et
1161 2024 1197 2058 Β
1317 2024 1338 2059 9
1364 2023 1560 2059 beelzebub
1589 2024 1627 2058 Π

93 2082 138 2117 10
162 2084 375 2127 negatorum
402 2082 438 2116 Β
522 2082 792 2128 Belz.—negat.
817 2083 859 2118 in
884 2094 952 2128 my.
979 2083 1015 2117 Β
1098 2083 1295 2119 beelzebub
1324 2083 1396 2118 ΠΒ
1471 2084 1511 2118 11
1539 2094 1619 2118 uen.

90 2152 162 2176 non
188 2152 293 2186 posse
318 2141 354 2175 Β
428 2141 611 2187 consequi]
639 2141 726 2177 add.
752 2145 837 2188 post
861 2143 1003 2177 ruinam
1027 2143 1063 2178 B
1137 2143 1222 2188 quia
1247 2143 1345 2178 aliud
1371 2143 1407 2177 B
1458 2143 1501 2178 13
1525 2143 1622 2178 lecta

93 2200 268 2234 attentius
286 2211 311 2245 g
360 2200 404 2235 14
430 2202 626 2245 potuerunt
643 2201 680 2236 Β
731 2202 774 2236 15
801 2203 838 2236 et
863 2202 904 2247 (s,
932 2203 970 2248 l.)
996 2213 1064 2239 am.
1087 2202 1126 2238 11
1147 2213 1215 2236 arn.
1242 2204 1280 2236 et
1296 2214 1321 2247 g
1370 2202 1414 2237 16
1440 2204 1563 2237 nostra
1582 2202 1622 2237 D

93 2260 136 2294 17
164 2262 341 2304 et—-resp,
362 2260 398 2294 Β
420 2260 761 2305 ut—respondcrem
787 2264 849 2298 cet.
964 2273 1036 2296 non
1063 2261 1201 2306 statim]
1228 2262 1351 2296 statim
1370 2252 1475 2297 Bone.
1495 2261 1618 2296 statim

94 2329 166 2352 non
193 2319 295 2363 Bp.c.
370 2319 413 2354 19
441 2319 597 2365 epistola
622 2320 658 2354 A
