1884 3254
249 245 333 286 282
809 237 962 273 Sancti
988 235 1241 280 Hieronymi

247 371 375 413 mino
404 369 638 413 Christus
666 368 788 409 eius.
816 368 865 407 et
890 364 1016 406 dixit
1042 363 1270 405 dominus
1297 361 1354 403 ad
1381 361 1631 405 Samuhel:
1658 362 1761 404 noli

249 441 505 495 adspicere
532 438 589 480 ad
609 438 786 480 faciem
807 436 915 477 eius
936 434 1054 476 etin
1082 434 1325 475 staturam
1349 432 1508 483 illius,
1530 433 1759 486 quoniam

247 510 511 564 reprobaui
544 522 664 558 eum,
698 507 813 560 quia
843 518 949 555 non,
982 502 1226 558 quomodo
1263 503 1404 545 uidet
1439 503 1596 553 homo,
1628 503 1761 545 uide-

248 582 321 623 bit
353 581 491 626 deus:
523 580 665 621 homo
698 577 841 619 uidet
870 576 917 617 in
957 574 1098 622 facie,
1132 574 1252 616 deus
1284 573 1423 616 uidet
1453 574 1499 615 in
1533 574 1688 615 corde.
1720 576 1762 615 et
1882 624 1884 634 ,

246 665 319 705 per
350 650 537 705 singulos
570 661 735 701 semper
764 647 962 702 ignorans
994 657 1128 699 usque
1154 644 1206 686 ad
1231 645 1369 687 Dauid
1400 645 1584 687 nescisse
1610 644 1762 687 descri-
1802 656 1821 687 ⁵
1880 645 1884 680 ἐ

246 722 369 762 bitur.
389 720 611 761 Helisaeus
633 730 809 771 quoque,
833 716 905 770 qui
925 715 1083 770 duplici
1103 714 1362 770 glorificatus
1378 717 1443 758 est
1462 715 1626 769 spiritu,
1642 715 1761 757 cuius

247 804 342 834 ossa
360 791 492 832 uitam
512 789 698 831 exanimo
719 787 911 830 cadaueri
929 786 1211 837 reddiderunt,
1232 799 1327 828 cum
1342 786 1572 829 Sunamitis
1593 785 1646 828 ad
1665 797 1760 828 eum

246 862 433 904 uenisset
462 861 503 901 in
537 861 720 901 montem
747 859 789 900 et
813 857 864 899 ad
888 856 1016 910 pedes
1043 856 1134 899 eius
1160 856 1353 898 flebiliter
1377 857 1616 908 corruisset,
1644 855 1764 900 Giezi

247 932 504 987 prohibente,
537 943 587 972 ne
618 930 785 980 faceret,
825 928 901 970 ait:
941 927 1140 969 dimitte
1179 940 1295 979 eam,
1335 927 1564 982 quoniam
1603 927 1772 975 anima,

247 1003 391 1044 illius
428 1002 475 1043 in
514 999 844 1042 amaritudine
884 1001 962 1040 est
993 1000 1041 1040 et
1077 998 1304 1040 dominus
1338 998 1604 1040 abscondit
1634 1010 1659 1039 a
1689 1010 1762 1040 me
1785 1008 1823 1038 10
1879 1036 1881 1038 .

248 1075 296 1115 et
325 1086 416 1115 non
447 1071 702 1115 nuntiauit
732 1070 866 1112 mihi.
893 1070 1015 1124 plura
1045 1071 1157 1120 sunt,
1184 1082 1310 1123 quam
1340 1071 1390 1111 ut
1414 1068 1615 1123 exemplis
1641 1068 1764 1111 debe·
1878 1059 1882 1077 ἦ

247 1156 366 1186 amus
399 1142 545 1184 docere
578 1143 744 1184 sanctos
770 1141 884 1183 uiros
911 1142 953 1182 et
978 1140 1055 1182 deo
1082 1152 1199 1182 caros
1226 1152 1275 1182 ea
1298 1139 1591 1182 tantummodo
1618 1140 1763 1190 scisse,

247 1226 351 1268 quae
383 1213 443 1255 eis
470 1226 494 1254 a
525 1213 692 1254 domino
717 1212 903 1254 reuelata
929 1213 1039 1262 sunt,
1065 1211 1283 1266 ignorasse
1308 1224 1422 1261 uero,
1449 1223 1555 1264 quae
1578 1211 1765 1253 reuelata

247 1297 326 1326 non
364 1284 541 1332 fuerant,
581 1285 623 1325 et
660 1282 711 1324 ad
748 1282 938 1336 singulas
975 1281 1161 1324 uisiones
1198 1281 1438 1324 Zachariam
1477 1283 1602 1335 atque
1639 1281 1763 1323 Dani-

246 1355 389 1397 helum
419 1354 673 1407 interrogare
705 1353 902 1407 angelum
940 1355 983 1394 et
1018 1352 1266 1406 suppliciter
1302 1352 1527 1406 deprecari,
1561 1354 1609 1394 ut
1644 1364 1763 1406 expo·
1787 1362 1824 1392 15

247 1427 346 1466 nant
382 1424 476 1475 sibi,
517 1437 622 1478 quae
660 1423 746 1466 sint
780 1423 868 1473 illa,
907 1435 1012 1476 quae
1049 1423 1206 1465 uideat.
1244 1423 1354 1465 unde
1392 1435 1473 1465 non
1509 1422 1663 1465 mirum
1700 1424 1766 1465 est

248 1498 288 1538 et
324 1496 442 1537 Isaac
485 1495 526 1536 in
566 1507 685 1536 suam
728 1494 907 1536 maxime
951 1493 1181 1536 utilitatem
1218 1494 1419 1545 nescisse,
1458 1493 1559 1547 quid
1595 1493 1766 1543 faceret,

248 1578 343 1608 cum
376 1565 510 1620 magis
543 1578 590 1607 eo
621 1567 810 1618 tempore
844 1566 1010 1615 erraret,
1044 1577 1127 1618 quo
1157 1564 1292 1606 filium
1325 1563 1620 1619 sanguinariae,
1652 1563 1766 1606 dedi-

247 1638 338 1678 tum
375 1635 586 1689 uoluptati
625 1637 667 1677 et
705 1648 814 1687 eum,
854 1635 926 1689 qui
968 1637 1116 1689 postea
1159 1634 1330 1676 fratrem
1372 1637 1520 1688 posset
1563 1633 1764 1683 occidere,

247 1707 539 1761 praetermisso
558 1707 646 1757 illo,
669 1706 741 1760 qui
759 1706 1000 1748 innocenter
1024 1705 1241 1748 habitabat
1267 1705 1451 1757 domum,
1472 1705 1604 1747 uellet
1623 1705 1765 1747 efferre
1787 1716 1825 1745 ω

367 1812 387 1845 5
414 1810 458 1846 cf.
486 1810 503 1844 I
527 1811 613 1856 Reg.
643 1812 697 1853 16,
726 1811 842 1846 8-12
922 1813 942 1847 6
963 1811 1007 1846 cf.
1026 1811 1077 1846 IV
1095 1811 1184 1857 Reg,
1203 1811 1237 1852 2,
1257 1811 1277 1845 9
1358 1812 1377 1846 7
1399 1811 1444 1846 cf.
1463 1811 1514 1846 IV
1534 1811 1622 1856 Reg.
1646 1811 1701 1855 13,
1719 1811 1764 1846 21

249 1870 269 1904 9
296 1869 367 1904 *IV
391 1870 479 1915 Reg.
505 1871 539 1914 4,
566 1870 609 1904 27
703 1870 748 1904 14
774 1870 817 1905 cf.
845 1870 949 1905 Zach.
978 1871 1008 1914 1,
1035 1871 1067 1905 9.
1094 1870 1149 1906 19.
1176 1871 1234 1905 21.
1258 1871 1294 1914 2,
1318 1871 1350 1905 2.
1376 1870 1410 1915 4,
1436 1871 1470 1905 4.
1498 1870 1648 1906 11-12.
1673 1871 1706 1915 5,
1732 1870 1765 1905 6.

251 1929 306 1964 10.
332 1929 366 1972 6,
391 1929 424 1964 4.
451 1930 540 1964 Dan.
567 1929 599 1970 7,
628 1930 683 1964 16.
711 1930 765 1964 19.
793 1930 825 1973 8,
854 1929 908 1965 15.
938 1929 992 1972 12,
1019 1929 1051 1965 6.
1078 1929 1100 1964 8
1187 1929 1230 1965 19
1257 1929 1300 1966 cf.
1329 1929 1416 1965 Gen.
1442 1930 1499 1974 25,
1524 1929 1569 1964 27
1649 1929 1696 1965 20
1721 1928 1766 1966 cf.

250 1986 337 2022 Gen.
363 1987 421 2028 27,
446 1988 490 2022 41
589 1987 633 2022 cf.
660 1987 748 2023 Gen.
775 1988 832 2032 25,
858 1989 902 2022 27

300 2057 317 2092 1
345 2057 449 2102 dixit]
475 2058 528 2092 ait
552 2064 609 2102 inq
707 2059 728 2093 2
755 2059 912 2104 aspicere
938 2059 972 2093 Ω
995 2070 1088 2104 resp.
1116 2062 1180 2094 cet.
1277 2059 1322 2094 ad
1345 2059 1415 2094 ΩΒ
1439 2059 1476 2093 in
1504 2065 1573 2104 mq,
1598 2068 1665 2093 om.
1690 2058 1767 2093 AD

251 2118 287 2150 et
310 2116 393 2150 inQ
419 2118 455 2150 et
478 2127 523 2151 ne
544 2123 600 2162 inq
627 2119 664 2152 et
681 2117 718 2151 B
741 2128 858 2163 neque
879 2115 969 2152 AD'
1024 2117 1123 2152 illius
1142 2128 1209 2152 om.
1228 2117 1306 2152 AD
1353 2118 1375 2152 3
1394 2117 1501 2152 homo
1520 2116 1662 2152 uidebit
1680 2116 1766 2152 deus

251 2176 340 2220 ωΩᾳ
360 2175 464 2210 homo
486 2175 588 2210 uidet
607 2176 694 2210 deus
713 2176 748 2210 B
767 2176 854 2211 deus
871 2176 977 2211 homo
997 2175 1099 2211 uidet
1117 2176 1193 2211 AD
1211 2176 1298 2211 deus
1316 2175 1419 2211 uidet
1434 2176 1541 2211 homo
1560 2187 1585 2221 ς
1630 2176 1655 2211 4
1673 2175 1767 2211 enim

252 2233 345 2268 uidit
368 2236 474 2277 (corr.
500 2234 602 2269 uidet
619 2237 696 2279 m2)
723 2236 759 2270 in
780 2235 805 2270 f.
826 2235 862 2269 A
882 2235 975 2270 enim
995 2236 1032 2270 in
1051 2235 1076 2271 f.
1097 2234 1199 2270 uidet
1214 2234 1255 2269 D
1326 2235 1455 2270 faciem
1475 2242 1532 2279 inq
1603 2235 1641 2269 in
1661 2234 1767 2270 corde

250 2291 351 2327 uidet
365 2292 398 2326 Ω
417 2294 535 2327 autem
554 2293 701 2338 inspicit
722 2305 780 2329 cor
798 2294 874 2329 AD
928 2294 950 2329 5
970 2295 1124 2340 semper]
1149 2295 1191 2329 in
1208 2305 1276 2340 my.
1294 2297 1358 2330 m2
1375 2296 1513 2340 septem
1532 2294 1569 2328 Β
1638 2292 1766 2339 usqne]

251 2350 328 2384 uiso
356 2357 412 2395 mq
497 2352 614 2386 nescit
638 2352 713 2386 AD
797 2353 968 2388 describit
994 2359 1061 2399 mq,
1088 2364 1156 2389 om.
1180 2353 1257 2388 AD
1317 2354 1338 2388 6
1364 2354 1550 2395 elis(a)eus
1576 2357 1633 2397 inq
1706 2351 1768 2396 qui

252 2419 318 2443 om.
341 2414 396 2453 inq
469 2410 615 2454 spiritus
637 2417 668 2446 tn
720 2412 739 2445 7
761 2412 1076 2456 exanimissp.r.‚B
1101 2413 1300 2448 exanimato
1321 2419 1377 2458 rnq
1426 2412 1448 2447 8
1474 2412 1574 2457 geezi
1597 2411 1768 2446 Aa.c.m2

252 2467 350 2512 giegi
366 2474 397 2503 m
448 2468 468 2502 9
484 2469 567 2513 quia
579 2468 654 2502 AD
705 2470 873 2516 millius]
890 2471 966 2506 eius
979 2471 1092 2506 ADB
1140 2471 1182 2506 11
1205 2482 1295 2516 quae
1309 2471 1399 2516 qu
1450 2471 1493 2506 12
1508 2470 1588 2516 deo]
1603 2470 1647 2505 do
1659 2471 1766 2514 (corr.

253 2526 446 2570 quomodo)
473 2533 505 2562 m
581 2527 624 2562 13
650 2528 815 2572 ignorata
839 2529 915 2564 AD
1011 2531 1116 2575 qnae]
1144 2530 1229 2565 add.
1256 2530 1307 2564 eis
1326 2530 1438 2565 ADB
1512 2530 1556 2564 14
1579 2529 1768 2565 fueranto

252 2583 396 2619 fuerunt
419 2585 495 2619 AD
519 2585 653 2620 fuerint
679 2593 735 2631 rnq
760 2587 859 2623 suero
883 2588 920 2622 B
1064 2589 1266 2624 danihelem
1292 2589 1506 2633 Q,Ap.e.m2
1530 2587 1707 2623 danielem
1730 2587 1768 2622 B

255 2643 297 2677 15
312 2647 489 2689 exponant
501 2646 561 2688 (sc.
575 2646 724 2690 angelus
733 2646 769 2681 Z
770 2646 943 2682 ‹ic-hariae
956 2651 991 2682 et
1002 2648 1152 2692 anyches
1161 2647 1367 2693 Daniheliss
1382 2646 1768 2693 exponatQp.r.‚ADB

255 2702 297 2736 16
323 2702 396 2737 sint
419 2702 483 2737 illa
509 2714 599 2748 qnae
618 2715 686 2739 om.
707 2711 763 2748 mn
837 2706 961 2741 uideat
979 2708 1039 2750 (sc.
1059 2706 1269 2742 Zacharias
1286 2707 1387 2742 solus
1405 2710 1438 2742 et
1455 2706 1621 2741 Danihel
1637 2704 1766 2751 solum

253 2760 418 2796 uiderant
443 2768 498 2807 inq
526 2762 675 2798 uideant
699 2763 810 2797 ADB
885 2765 926 2799 17
954 2765 1048 2810 quod
1072 2766 1109 2800 Β
1204 2764 1320 2801 facere
1345 2772 1402 2810 inq
1495 2766 1539 2800 19
1564 2765 1613 2807 etl
1640 2764 1673 2799 ei
1690 2762 1768 2799 AD

252 2820 366 2864 possit
392 2820 425 2854 Ω
496 2820 542 2856 20
566 2821 709 2856 habitat
728 2822 802 2856 AD
899 2823 993 2858 domi
1020 2824 1131 2859 ADB
1227 2824 1334 2860 effere
1360 2824 1536 2869 mq‚Ba.c.
