1884 3254
20 1046 54 1074 10

20 1401 56 1430 15

635 271 844 317 Epistula
867 270 930 306 LV
955 271 976 306 5
1002 272 1052 316 (4)
1519 277 1603 318 495

76 412 133 443 ac
163 400 372 443 Belial?
410 413 498 444 rem
530 413 685 443 nouam
716 401 878 455 loquar,
910 401 1039 444 immo
1072 415 1152 445 non
1184 415 1352 454 nouam,
1386 403 1460 446 sed
1491 407 1607 446 uete-

76 484 178 522 rem,
210 483 315 525 quae
347 471 505 514 ueteris
537 471 782 514 testamenti
815 473 1067 516 auctoritate
1092 473 1294 517 firmatur.
1328 474 1365 517 si
1390 474 1609 529 reliquerit

77 542 308 585 secundum
345 542 486 585 uirum
524 545 567 585 et
609 543 872 585 reconciliari
913 544 1043 598 priori
1085 544 1282 596 uoluerit,
1327 557 1409 587 non
1452 547 1607 599 potest.

77 612 281 667 scriptum
320 615 386 656 est
423 613 534 656 enim
572 613 615 656 in
652 613 1002 658 Deuteronomio:
1046 615 1090 658 si
1132 615 1413 670 acceperit
1455 616 1607 659 homo

77 697 289 727 uxorem
322 684 659 727 ethabuerit
689 698 798 727 eam
831 689 882 727 et
919 697 1018 728 non
1059 685 1336 729 inuenerit
1374 686 1607 742 gratiam

77 756 127 798 in
178 758 476 811 conspectu
528 756 645 798 eius
695 758 919 811 propter
969 757 1207 811 aliquam
1262 757 1606 808 foeditatem,

79 827 287 871 scribet
330 826 587 870 libellum
640 827 856 882 repudii
902 830 952 871 et
990 827 1140 871 dabit
1176 828 1226 871 in
1267 841 1450 871 manus
1490 828 1608 872 eius

5 925 10 930 -
78 902 129 942 et
172 898 423 940 dimittet
474 911 585 940 eam
637 898 696 940 de
747 898 896 942 domo
948 912 1057 942 sua.
1109 911 1335 954 cumque
1387 912 1609 955 egressa

80 969 311 1025 alterum
354 970 610 1013 maritum
655 969 872 1012 duxerit
921 972 973 1012 et
1020 970 1119 1012 ille
1170 983 1380 1024 quoque
1431 970 1610 1013 oderit

80 1054 188 1084 eam
227 1040 550 1095 dederitque
588 1039 844 1083 libellum
882 1040 1099 1096 repudii
1139 1043 1190 1084 et
1229 1040 1506 1084 dimiserit
1551 1041 1608 1084 de

78 1112 226 1155 domo
273 1124 368 1154 sua
411 1111 501 1154 uel
555 1113 702 1154 certe
753 1114 1004 1154 mortuus
1048 1111 1233 1163 fuerit,
1277 1125 1377 1155 non
1422 1115 1610 1167 potest

77 1183 307 1226 maritus
339 1183 587 1238 recipere
621 1195 730 1225 eam
763 1195 991 1234 uxorem,
1032 1183 1157 1238 quia
1196 1183 1412 1238 polluta
1445 1186 1528 1226 est
1560 1186 1611 1226 et

80 1253 472 1296 abominabilis
504 1254 650 1296 facta
682 1256 765 1297 est
798 1267 973 1297 coram
1015 1254 1248 1304 domino;
1288 1267 1347 1296 ne
1385 1267 1608 1309 peccare

79 1325 252 1367 facias
285 1326 483 1367 terram
515 1327 674 1377 tuam,
715 1337 867 1379 quam
900 1323 1146 1368 dominus
1180 1325 1308 1368 deus
1341 1328 1467 1368 tuus
1505 1326 1609 1368 tibi

80 1395 313 1439 tradidit
361 1396 763 1452 possidendam.
814 1396 925 1439 unde
969 1396 1141 1440 obsecro
1187 1398 1244 1448 te,
1288 1398 1338 1438 ut
1381 1396 1609 1439 consoleris

81 1480 186 1520 eam,
212 1468 341 1510 immo
368 1479 574 1522 prouoces
601 1467 653 1509 ad
679 1467 873 1510 salutem.
898 1467 1091 1522 putridae
1118 1480 1262 1510 carnes
1288 1467 1395 1510 ferro
1421 1467 1611 1523 indigent

83 1542 125 1581 et
156 1538 360 1589 cauteri03
394 1550 471 1581 neo
504 1540 571 1581 est
601 1538 833 1581 medicinae
867 1539 1004 1593 culpa,
1045 1538 1120 1581 sed
1150 1539 1352 1589 uulneris,
1391 1551 1488 1581 eum
1521 1551 1610 1581 cru-

14 1652 16 1654 .
81 1610 254 1652 delitate
292 1610 490 1668 clementi
527 1622 608 1652 non
645 1609 782 1664 parcit
824 1600 1029 1662 medicus,
1073 1612 1122 1652 ut
1163 1613 1321 1665 parcat,
1366 1609 1517 1660 saeuit,
1562 1612 1611 1651 ut

79 1682 341 1726 misereatur.

194 1823 218 1856 4
243 1821 374 1856 *Deut.
400 1822 458 1863 24,
486 1821 578 1856 1—4

126 1904 143 1939 1
172 1903 225 1949 ao]
253 1903 299 1938 ad
324 1917 355 1948 ψ
383 1906 420 1938 et
449 1903 516 1938 ΦΟ
616 1903 734 1938 beliae
763 1902 874 1939 GDC
972 1903 1099 1948 loquar
1123 1903 1192 1947 ψΦ
1215 1902 1344 1947 loquor
1369 1905 1431 1937 cet.
1536 1911 1605 1935 non

75 1974 103 1998 s.
132 1963 154 1997 l.
182 1963 217 1997 B
331 1963 352 1997 2
379 1963 540 1998 firmetur
564 1962 636 2007 ψΙ)
750 1962 772 1997 3
797 1962 908 2008 priori
934 1962 1011 1997 uiro
1037 1961 1109 1996 uol.
1135 1962 1171 1996 B
1195 1961 1267 1996 uol.
1298 1961 1327 1996 0
1350 1961 1420 1995 uol.
1447 1960 1558 2006 priori
1582 1971 1607 2004 ς

78 2022 162 2068 non]
191 2024 228 2056 et
251 2033 323 2057 non
348 2035 379 2066 ψ
517 2023 622 2068 potes
653 2021 684 2057 0
799 2022 822 2056 4
849 2020 1145 2056 deutheronomio
1175 2020 1210 2055 G
1235 2019 1542 2055 deuteronomium
1574 2019 1606 2052 Φ

81 2081 251 2127 acciperit
274 2082 343 2126 ψΦ
415 2082 436 2117 6
463 2081 557 2118 foed.
589 2081 656 2116 ΦΟ
678 2080 749 2116 fed.
775 2084 838 2116 cet.
920 2081 939 2115 7
967 2079 1101 2115 scribat
1130 2079 1160 2114 C'
1183 2079 1309 2114 scribit
1333 2078 1404 2123 zpD
1500 2077 1603 2113 libel-

77 2140 151 2175 lum
175 2151 203 2177 8.
231 2141 254 2176 l.
274 2143 304 2186 ’ψ
389 2141 428 2176 in
453 2152 579 2176 manus
607 2141 697 2186 eius]
726 2140 759 2175 ei
776 2139 887 2175 DOB
970 2150 1078 2174 manu
1101 2138 1244 2174 Gaaesp
1315 2138 1336 2173 8
1363 2137 1517 2172 dimittit
1536 2138 1605 2181 ψΦ

75 2211 119 2235 ea
147 2199 181 2235 G
278 2211 357 2235 cum
381 2214 412 2245 ψ
492 2201 514 2236 9
541 2200 620 2245 alt.]
648 2198 850 2235 adulterum
874 2198 914 2234 D
995 2198 1038 2234 10
1064 2197 1273 2244 dederitque
1298 2211 1340 2242 ψ,
1368 2196 1455 2232 add.
1482 2196 1515 2231 ei
1540 2200 1603 2232 cet.

76 2259 177 2305 dim.]
206 2259 295 2295 add.
321 2271 399 2295 eam
424 2271 452 2295 s.
481 2260 504 2296 l.
529 2261 592 2295 m2
616 2259 652 2294 B
775 2258 816 2294 11
845 2258 916 2303 uel]
944 2260 1007 2292 aut
1031 2257 1140 2292 DCB
1265 2258 1389 2302 potest
1413 2269 1443 2299 ψ
1470 2255 1603 2301 poterit

74 2319 170 2364 prior
194 2322 257 2354 cet.
343 2319 388 2354 12
415 2330 472 2354 ux.
498 2319 666 2363 zpa.c.m2
690 2318 727 2352 in
753 2328 809 2352 ux.
835 2321 896 2352 cet.
997 2317 1095 2362 quia]
1124 2316 1293 2361 quoniam
1317 2314 1427 2350 DOB
1524 2314 1600 2360 pol-

73 2378 186 2413 lutam
216 2379 248 2412 Φ
374 2379 431 2414 est
456 2389 550 2414 eras.
575 2378 623 2419 B,
649 2387 717 2413 om.
747 2376 781 2412 G
892 2377 935 2411 13
963 2374 1240 2410 abhominabilis
1266 2374 1334 2419 ψΒ
1444 2375 1488 2410 14
1514 2374 1601 2408 deus

70 2448 101 2472 8.
128 2438 151 2472 l.
176 2451 206 2482 ψ
316 2436 472 2473 tradidit
496 2436 566 2472 tibi
590 2447 615 2482 g
639 2435 779 2471 traddit
803 2435 874 2470 tibi
903 2434 934 2470 Ο
1016 2435 1059 2469 15
1085 2434 1138 2479 ut]
1166 2436 1203 2468 et
1227 2447 1258 2478 ψ
1347 2433 1388 2468 17
1416 2435 1453 2468 et
1477 2443 1545 2469 om.
1571 2446 1600 2476 ψ

15 2537 19 2540 ,
72 2496 175 2531 clem.
201 2495 299 2533 crud.
324 2507 348 2541 g
374 2496 475 2532 clem.
504 2495 719 2532 credulitate
749 2494 778 2529 0
852 2494 894 2529 18
923 2497 961 2527 ut
987 2492 1079 2528 med.
1110 2491 1400 2536 GDO,Ba.c.m2

1645 412 1665 443 3

1648 1405 1668 1438 5
1716 1415 1719 1419 .
