1940 3260
196 316 282 358 694
739 310 891 346 Sancti
915 308 1171 354 Hieronymi

195 442 430 486 natiuitatis
467 441 687 493 secundae,
731 440 860 482 immo
897 438 940 481 in
978 437 1145 482 Christo
1181 437 1354 492 primae,
1390 444 1544 493 ponere
1581 449 1718 481 sacra-

194 515 349 556 menta.
555 539 574 550 ι
1575 501 1582 509 ’

256 586 295 627 8.
327 583 564 636 Antequam
603 581 787 624 dictandi
823 580 950 623 finem
985 579 1136 623 faciam
1156 602 1226 611 ·-—-
1256 579 1339 622 iam
1373 580 1484 622 enim
1513 580 1716 636 intellego

196 667 263 696 me
299 665 539 696 mensuram
572 651 767 695 excedere
799 651 1006 705 epistulae
1037 674 1110 702 -—,
1142 650 1240 693 uolo
1273 650 1488 705 superiora
1519 650 1717 704 capitula,

195 725 237 766 in
270 723 423 778 quibus
455 723 588 765 futuri
614 722 802 777 episcopi
825 722 921 764 uita·
943 720 1208 774 describitur,
1241 721 1398 764 cursim
1423 733 1638 775 exponere,
1669 723 1719 763 ut
1759 733 1779 760 5

196 794 435 849 apostolum
472 806 553 835 non
589 793 631 835 in
663 792 789 835 unius
821 791 961 834 uxoris
993 791 1146 847 elogio,
1186 791 1261 835 sed
1289 791 1334 834 in
1365 788 1573 843 omnibus,
1613 804 1719 846 quae
1805 779 1811 784 ¹

195 864 411 919 praecipit,
457 863 669 906 doctorem
707 862 895 918 gentium
932 862 1228 916 suscipiamus
1271 862 1401 905 simul
1438 862 1625 914 obsecro,
1668 875 1719 905 ne

198 935 294 990 quis
318 947 385 977 me
408 935 451 976 in
476 933 791 989 sugillationem
816 933 944 976 istius
969 933 1172 987 temporis
1199 930 1464 976 sacerdotum
1484 933 1719 988 scripsisse,

198 1018 304 1060 quae
348 1005 511 1060 scripsi,
555 1005 764 1053 aestimet,
807 1003 883 1046 sed
923 1004 965 1046 in
1004 1003 1206 1046 ecclesiae
1242 1003 1486 1047 utilitatem.
1524 1005 1574 1047 ut
1609 1005 1719 1047 enim

198 1078 382 1120 oratores
415 1078 457 1118 et
486 1075 728 1130 philosophi
759 1074 1057 1127 describentes,
1090 1075 1258 1129 qualem
1286 1074 1423 1118 uelint
1447 1088 1541 1118 esse
1563 1074 1721 1129 perfec·
1744 1085 1782 1115 ιο

197 1150 289 1189 tum
316 1148 521 1189 oratorem
548 1149 590 1188 et
613 1146 926 1206 philosophum,
951 1158 1033 1188 non
1052 1145 1213 1188 faciunt
1229 1145 1425 1188 iniuriam
1444 1146 1723 1189 Demostheni

199 1220 242 1260 et
278 1218 458 1269 Platoni,
502 1218 577 1260 sed
615 1229 683 1260 res
725 1217 839 1272 ipsas
885 1216 1045 1278 absque
1088 1216 1277 1271 personIs
1321 1216 1536 1268 definiunt,
1581 1217 1644 1260 sic
1679 1217 1721 1259 in

198 1288 478 1342 descriptione
523 1289 710 1343 episcopi
753 1291 794 1331 et
834 1287 877 1330 in
921 1300 1062 1330 eorum
1107 1286 1380 1341 expositione,
1403 1285 1529 1342 *quae
1565 1287 1724 1343 scripta

200 1361 312 1410 sunt,
351 1359 472 1413 quasi
510 1359 728 1413 speculum
767 1358 990 1401 sacerdotii
1026 1358 1282 1413 proponitur.
1317 1358 1403 1401 iam
1437 1358 1481 1401 in
1508 1360 1722 1414 potestate

199 1433 242 1472 et
277 1430 535 1473 conscientia
564 1429 826 1485 singulorum
860 1431 938 1481 est,
976 1429 1120 1483 quales
1152 1441 1198 1471 se
1227 1429 1288 1470 ibi
1319 1429 1537 1483 aspiciant,
1574 1431 1624 1472 ut
1652 1428 1723 1472 uel
1746 1441 1783 1470 15

199 1501 338 1544 dolere
369 1500 422 1542 ad
453 1500 762 1543 deformitatem
786 1500 865 1542 uel·
882 1499 1064 1555 gaudere
1088 1499 1140 1541 ad
1163 1499 1518 1553 pulchritudinem
1545 1499 1722 1555 possint.

202 1571 246 1613 si
285 1571 405 1624 quis
445 1571 820 1626 episcopatum
859 1569 1150 1621 desiderat,
1189 1570 1382 1612 bonum
1423 1582 1555 1624 opus
1588 1570 1722 1612 desi-

203 1641 370 1684 derat:
416 1653 536 1696 opus,
580 1654 662 1683 non
700 1641 964 1696 dignitatem,
1006 1640 1206 1691 laborem,
1250 1653 1331 1683 non
1369 1639 1556 1683 delicias:
1601 1653 1723 1694 opus,

201 1724 275 1766 per
305 1711 416 1765 quod
447 1712 686 1754 humilitate
713 1711 942 1763 decrescat,
973 1723 1054 1753 non
1080 1711 1337 1754 intumescat
1361 1711 1546 1766 fastigio.
1578 1723 1725 1766 opor-

201 1785 281 1824 tet
301 1795 424 1837 ergo
453 1782 764 1836 episcopum
784 1781 1333 1835 inreprehensibilem
1355 1780 1547 1824 essezid
1565 1781 1721 1837 ipsum,
1746 1793 1784 1822 20

204 1853 313 1906 quod
341 1852 393 1895 ad
417 1853 578 1896 Titum:
613 1853 657 1895 si
690 1853 809 1907 quis
842 1855 924 1894 est
955 1852 1071 1894 sine
1103 1852 1339 1905 crimine,
1371 1865 1515 1896 omnes
1541 1853 1723 1895 uirtutes

202 1925 244 1965 in
282 1935 362 1965 uno
401 1936 590 1966 sermone
628 1923 928 1977 conprehendit
963 1925 1006 1965 et
1041 1935 1171 1978 paene
1212 1936 1302 1966 rem
1345 1925 1489 1966 contra
1530 1926 1722 1965 naturam

204 1994 343 2050 exigit.
381 1995 418 2037 si
451 1994 560 2036 enim
594 2007 715 2037 omne
745 1995 980 2048 peccatum,
1013 1994 1140 2036 etiam
1171 1994 1214 2035 in
1247 1994 1382 2037 otioso
1412 1994 1556 2046 uerbo,
1588 2006 1725 2048 repre-

202 2065 402 2108 hensione
434 2065 608 2120 dignum
641 2068 717 2117 est,
751 2065 845 2119 quis
877 2067 942 2107 est
970 2065 1058 2116 ille,
1091 2065 1164 2119 qui
1189 2065 1347 2119 absque
1371 2066 1559 2119 peccato,
1590 2064 1634 2107 id
1659 2067 1725 2107 est

205 2135 292 2178 sine
334 2136 664 2190 reprehensione,
708 2141 902 2179 uersetur
942 2136 985 2177 in
1027 2135 1212 2178 mundo?
1256 2135 1330 2178 sed
1372 2135 1542 2178 futurus
1579 2137 1785 2189 pastor-25

324 2287 343 2321 7
371 2286 414 2322 cf.
440 2286 460 2321 Ι
482 2286 571 2323 Tim.
598 2288 631 2331 2,
659 2287 678 2321 7
765 2287 808 2322 17
834 2286 853 2321 Ι
878 2286 969 2322 Tim.
994 2286 1028 2330 3,
1056 2286 1073 2321 1
1162 2286 1206 2321 19
1231 2285 1250 2320 Ι
1274 2285 1365 2320 Tim.
1391 2285 1424 2326 3,
1449 2286 1471 2319 2
1556 2285 1600 2320 21
1629 2285 1723 2320 *Tit

208 2345 238 2388 1,
264 2344 286 2379 6
360 2346 404 2380 23
431 2346 476 2381 cf.
501 2346 631 2382 Matth.
658 2346 713 2390 12,
739 2346 785 2381 36

254 2427 271 2461 1
300 2426 413 2472 primo
439 2426 473 2461 L
498 2428 650 2473 primum
676 2428 708 2462 Σ
775 2428 798 2462 4
823 2438 935 2464 mens.
961 2438 1018 2463 me
1043 2427 1082 2462 D
1154 2426 1175 2461 5
1203 2425 1410 2462 discribitur
1439 2426 1491 2461 W
1558 2426 1579 2462 6
1605 2427 1723 2462 uxoris

206 2485 321 2520 uirum
346 2485 385 2520 D
482 2487 501 2521 7
527 2486 705 2532 praecipit
734 2486 786 2522 W
805 2487 991 2532 praecepit
1015 2489 1078 2522 cet.
1177 2485 1303 2521 docto'r
1326 2485 1429 2530 Lp.r.
1526 2486 1547 2520 8
1573 2485 1725 2530 sugilla-

205 2545 304 2579 tione
329 2544 368 2579 D
393 2545 675 2590 sulgillationem
700 2546 737 2580 B
833 2544 1071 2581 sacerdotium
1097 2544 1200 2580 La.c.
1272 2545 1293 2580 9
1320 2544 1499 2579 existimet
1522 2544 1610 2588 D,B
1634 2545 1724 2589 (exis

205 2603 246 2636 in
270 2613 345 2638 ras.
371 2604 449 2648 m2)
475 2603 682 2639 exhistimet
714 2604 759 2637 W
854 2603 1041 2640 ecelesiam
1068 2604 1100 2638 Σ
1163 2603 1206 2639 10
1232 2614 1308 2638 esse
1331 2602 1456 2639 ualent
1486 2603 1538 2638 W
1601 2603 1642 2638 11
1668 2602 1723 2638 fa—

206 2661 303 2696 ciant
332 2661 383 2696 W
521 2663 685 2707 dem0(on
701 2663 895 2708 Zstteni
919 2662 1022 2699 codd.
1150 2663 1194 2697 12
1219 2662 1275 2697 Pl.
1301 2661 1376 2707 sed]
1401 2661 1585 2708 plathonis
1612 2663 1648 2697 et
1677 2661 1730 2696 W

206 2720 284 2765 ipsa
309 2720 343 2755 L
441 2722 483 2756 15
509 2722 751 2757 constihentia
776 2722 813 2765 (h
839 2725 946 2765 eras.)
978 2721 1030 2757 W
1143 2720 1196 2767 ut]
1223 2723 1261 2756 et
1289 2720 1341 2756 W
1445 2722 1488 2757 16
1513 2721 1624 2766 pulcr.
1648 2713 1725 2756 DB

206 2779 520 2823 pulchiritudinem
542 2781 596 2826 (tu
617 2780 718 2825 add.)
742 2781 794 2816 W
838 2782 881 2817 17
897 2791 956 2826 pr.
978 2780 1119 2816 deserat
1144 2780 1196 2815 W
1239 2780 1283 2815 19
1301 2780 1378 2825 per]
1401 2790 1462 2825 pro
1476 2779 1511 2815 L
1575 2779 1723 2824 fastigio

207 2837 243 2871 B
267 2838 389 2872 fastiio
422 2838 471 2874 W
492 2839 639 2874 fastidio
666 2839 770 2874 1221)
842 2840 885 2874 21
915 2839 1009 2885 quod
1034 2839 1081 2875 W
1107 2849 1247 2884 quoque
1273 2842 1335 2874 cet.
1433 2840 1472 2873 at
1498 2838 1549 2874 W
1615 2837 1661 2873 22
1687 2840 1724 2872 et

208 2907 274 2931 om.
300 2897 335 2931 L
417 2899 462 2933 23
489 2900 609 2944 exegit
633 2899 769 2935 La.c..5.‘
863 2899 972 2934 uerbo
997 2910 1025 2934 s.
1053 2898 1075 2934 l.
1103 2898 1141 2940 Σ,
1168 2908 1234 2934 om.
1262 2897 1297 2932 L
1381 2897 1426 2932 25
1450 2897 1519 2932 hoc
1542 2895 1675 2932 'mundo
1699 2907 1725 2941 g
