1884 3254
648 215 853 261 Epistula
877 215 1040 251 XVIIIA
1068 216 1160 251 7-8
1607 221 1661 261 85

138 346 180 387 in
214 358 378 388 omnem
411 348 563 387 terram
595 344 852 398 praedicatio
886 344 1002 387 illius
1036 345 1276 400 porrigatur
1307 348 1350 387 et
1376 347 1661 400 apostolorum

140 428 269 458 sonus
301 415 449 458 mundi
478 415 637 460 limites
670 418 873 470 penetret.

199 487 237 529 8.
264 486 482 540 Sequitur:
516 488 568 529 et
598 486 871 528 eleuatum
905 489 987 528 est
1019 487 1441 542 superliminare
1469 501 1492 530 a
1516 501 1661 538 noce,

140 570 240 612 qua
271 557 477 599 clamab
490 560 590 600 ant.
617 557 800 613 legimus
826 557 867 599 in
894 558 1029 599 ueteri
1059 560 1328 609 testamento,
1363 559 1474 612 quod
1500 571 1664 613 semper

95 642 113 669 5
137 628 332 671 dominus
354 627 493 682 Moysi
506 630 548 670 et
560 627 697 670 Aaron
718 627 769 669 ad
791 628 950 670 ostium
970 628 1229 670 tabernaculi
1251 629 1307 671 sit
1332 629 1516 678 locutus,
1544 630 1663 683 quasi

137 700 235 740 ante
268 698 534 752 euangelium
572 697 749 740 necdum
791 711 862 740 eos
901 698 942 740 in
984 701 1129 740 sancta
1167 701 1408 741 sanctorum
1446 699 1666 747 induxerit,

139 769 268 811 sicuti
300 768 480 811 ecclesia
510 771 658 822 postea
689 769 928 811 introducta
961 771 1026 811 est
1057 769 1222 812 dicens:
1255 770 1563 812 introduxit
1587 783 1663 812 me

138 853 225 882 rex
268 840 316 881 in
363 839 675 882 cubiculum
721 852 884 882 suum.
930 839 1094 893 quando
1142 853 1240 895 ergo
1285 840 1480 882 dominus
1524 843 1666 883 noster

19 950 21 952 ,
139 911 354 953 descendit
385 911 438 952 ad
468 912 613 962 terras,
647 909 967 963 superliminare
998 910 1119 960 illud,
1147 910 1190 952 id
1217 914 1281 952 est
1308 911 1428 965 quasi
1454 911 1664 965 quoddam

0 977 14 1026 ’Ῐ
78 995 114 1024 ιο
140 982 423 1030 obstaculum,
454 981 608 1023 intrare
641 980 909 1034 cupientibus
943 980 1158 1022 sublatum
1187 983 1253 1022 est
1279 983 1321 1023 et
1346 981 1570 1023 uniuersus
1596 981 1665 1023 hic

139 1052 321 1095 mundus
341 1052 526 1106 inpletus
546 1051 677 1102 fumo,
698 1051 742 1092 id
763 1053 828 1092 est
848 1051 982 1106 gloria
1002 1050 1081 1093 dei.
1096 1051 1170 1093 ubi
1190 1054 1330 1094 autem
1351 1052 1392 1093 in
1408 1051 1555 1093 Latino
1571 1052 1665 1093 ‘ele-

138 1125 301 1165 uatum’
332 1122 528 1177 legimus,
561 1121 603 1163 in
636 1120 795 1164 Graeco
827 1122 1073 1163 ‘sublatum’
1105 1121 1287 1176 ponitur.
1316 1121 1391 1164 sed
1423 1121 1522 1175 quia
1547 1121 1665 1164 uerbi

138 1193 396 1248 ambiguitas
428 1196 608 1247 utroque
633 1192 758 1234 modo
785 1192 1051 1247 interpretari
1082 1195 1237 1246 potest,
1264 1193 1397 1235 nostri
1423 1192 1666 1234 ‘eleuatum‘

138 1264 401 1317 interpretati
435 1267 534 1306 sunt
564 1276 637 1318 pro
671 1263 854 1305 ‘ablato.'

81 1350 115 1377 15
199 1336 262 1377 Et
294 1335 479 1377 domus
511 1335 721 1387 inpleta
759 1337 843 1376 est
873 1334 1030 1378 fumo.
1065 1335 1183 1386 deus,
1223 1337 1272 1376 ut
1310 1348 1437 1388 supra
1469 1334 1663 1385 diximus,
1702 1362 1710 1373 ι

139 1406 251 1460 ignis
291 1407 372 1454 est;
413 1405 481 1447 hic
521 1418 615 1447 cum
660 1405 704 1446 in
744 1404 843 1447 Sina
886 1407 1028 1448 monte
1060 1405 1350 1447 descendisset
1387 1405 1437 1446 ad
1474 1404 1664 1458 Moysen,

140 1477 192 1519 ad
224 1477 451 1518 aduentum
485 1476 577 1518 eius
609 1476 861 1518 uidebantur
891 1476 1107 1530 lampades
1140 1476 1421 1518 discurrentes
1449 1478 1491 1517 et
1515 1477 1666 1529 plenus

141 1548 276 1590 omnis
304 1560 423 1590 mons
449 1548 578 1590 fumo.
600 1548 709 1590 unde
734 1548 776 1590 in
804 1548 980 1602 psalmis
1008 1548 1180 1590 dicitur:
1209 1548 1297 1602 qui
1324 1547 1506 1603 tangis
1533 1559 1666 1588 mon-

140 1621 236 1668 tes,
271 1621 321 1661 et
352 1620 711 1675 fumigabunt.
738 1633 785 1661 ex
811 1620 908 1674 igne
941 1632 1054 1674 ergo,
1090 1619 1286 1673 quoniam
1313 1621 1447 1661 totam
1474 1618 1666 1661 substan-

80 1703 116 1732 20
139 1690 240 1732 tiam
258 1703 404 1744 capere
418 1703 499 1732 non
513 1703 757 1744 possumus,
772 1691 908 1733 leuior
921 1690 1127 1744 quaedam
1141 1690 1182 1732 in
1197 1690 1443 1732 uniuersum
1463 1689 1667 1731 mundum

141 1763 196 1812 et,
224 1764 272 1803 ut
296 1761 356 1803 ita
382 1761 532 1812 dicam,
559 1762 689 1804 rarior
714 1762 821 1804 fumi
846 1765 995 1804 natura
1021 1761 1291 1816 dispergitur,
1319 1774 1443 1815 quam
1463 1773 1537 1803 nos
1559 1761 1669 1814 capi-

139 1834 258 1874 entes
273 1833 552 1875 dicamus:ex
572 1835 723 1886 parte
746 1833 1106 1888 cognoscimus
1129 1835 1178 1874 et
1198 1845 1253 1875 ex
1274 1836 1426 1887 parte
1447 1832 1666 1886 prophe-

140 1906 315 1945 tamus
337 1906 395 1946 et:
418 1917 554 1946 nunc
575 1904 699 1946 uide
725 1917 838 1946 mus
860 1917 951 1959 per
971 1905 1251 1958 speculum
1273 1905 1323 1945 in
1346 1903 1666 1957 aenigmate.

0 1992 19 2009 J
0 1968 3 1975 <
0 1899 7 1945 —vwv
0 1863 10 1893 sev
0 1397 15 1857 yvmvwflwmm‚'-.
0 1355 13 1397 Ἰ
13 1378 15 1382 r

259 2031 280 2065 3
307 2030 426 2066 *Esai.
453 2032 486 2076 6,
512 2032 536 2066 4
619 2033 643 2066 4
669 2031 711 2066 cf.
739 2031 802 2068 Ex.
828 2032 888 2076 33,
913 2031 1030 2067 9—10
1117 2032 1135 2066 7
1165 2030 1290 2067 *Cant.
1321 2032 1350 2072 1,
1378 2032 1398 2065 3
1487 2031 1529 2065 15
1551 2029 1667 2064 *Esai.

140 2091 172 2134 6,
198 2091 220 2124 4
332 2091 374 2125 16
402 2091 446 2126 ef.
472 2090 536 2125 Ex.
565 2091 620 2133 19,
650 2091 787 2126 16—19
902 2091 944 2125 18
972 2091 1053 2125 *Ps.
1083 2090 1161 2131 103,
1188 2091 1233 2125 32
1343 2090 1387 2124 22
1414 2090 1430 2124 I
1458 2088 1538 2124 Cor.
1566 2089 1620 2130 13,
1647 2089 1668 2123 9

140 2149 185 2184 23
214 2149 252 2184 *Ι
279 2148 358 2185 Cor.
388 2150 443 2194 13,
471 2150 515 2185 12

197 2220 218 2254 2
243 2220 319 2255 lim.
344 2220 468 2255 mundi
494 2221 527 2255 Σ
606 2221 627 2255 3
654 2221 751 2265 Seq.]
778 2232 806 2255 s.
834 2221 856 2255 l.
883 2222 946 2255 m2
972 2221 1009 2263 Σ,
1035 2231 1103 2255 om.
1123 2219 1216 2255 LW
1283 2220 1305 2254 4
1332 2231 1437 2265 quam
1458 2219 1497 2254 D
1575 2219 1596 2253 5
1623 2218 1668 2253 ad

140 2289 285 2323 moysen
312 2278 418 2313 FLZ
532 2279 553 2314 6
580 2280 616 2314 in
642 2289 710 2314 om.
738 2278 767 2313 S
908 2278 1097 2313 induxerat
1128 2277 1176 2311 W
1197 2278 1338 2312 induxit
1363 2278 1402 2313 D
1424 2277 1617 2312 'adduxerit
1642 2279 1673 2313 Σ

0 2357 6 2381 ;
140 2337 382 2372 introduxerit
405 2349 430 2382 ς
483 2349 489 2355 ·
549 2339 568 2372 7
596 2338 704 2372 sicuti
736 2337 784 2372 W
807 2338 902 2372 sicut
927 2337 1008 2378 ΕΣ
1027 2339 1072 2382 (8.
1100 2338 1122 2373 l.
1150 2336 1209 2373 dei
1233 2339 1325 2382 m2),
1351 2337 1390 2372 D
1414 2337 1509 2372 sicut
1535 2337 1600 2380 (sic
1625 2338 1668 2381 S)

0 2382 33 2442 ξ,
142 2396 200 2430 dei
229 2396 329 2431 FBS
387 2397 408 2431 8
434 2408 537 2431 suum
562 2408 629 2432 om.
656 2397 694 2431 D
767 2393 947 2442 quomodo
979 2395 1028 2432 W
1085 2397 1107 2432 9
1134 2396 1330 2432 descendat
1355 2396 1395 2431 D
1458 2396 1501 2432 10
1526 2396 1668 2442 capien-

0 2416 17 2489 ξ
140 2455 239 2490 tibus
265 2455 436 2490 Fa.c.m2
591 2455 751 2491 ablatum
782 2455 833 2491 W
967 2456 1009 2491 11
1037 2455 1124 2492 fum.
1149 2456 1248 2501 impl.
1273 2468 1298 2501 g
1446 2455 1617 2501 impletur
1643 2456 1674 2490 Σ

0 2520 17 2563 ἱ
140 2516 237 2550 fumo
265 2516 321 2549 est
346 2515 378 2549 Σ
424 2515 468 2550 12
494 2514 634 2562 ἐπήρθη
660 2515 843 2550 sublatum
868 2527 892 2560 g
943 2516 986 2550 13
1011 2516 1047 2550 in
1075 2518 1226 2561 utroque
1251 2515 1320 2550 ΕΣ
1366 2516 1410 2550 14
1435 2514 1579 2550 sublato
1606 2514 1673 2549 LE

0 2579 9 2601 b
143 2572 186 2607 15
215 2575 271 2607 est
303 2573 358 2617 W,
383 2584 412 2608 ε.
440 2574 462 2607 l.
489 2573 565 2617 ΣΒ,
597 2584 666 2609 om.
700 2577 763 2609 cet.
839 2574 882 2609 17
908 2573 1110 2620 lampades]
1139 2574 1226 2610 add.
1259 2573 1319 2608 uel
1344 2573 1483 2619 lapides
1509 2573 1607 2618 (del.)
1635 2573 1670 2607 B

143 2635 368 2667 excurrentes
392 2632 496 2677 Bp.c.
620 2633 663 2668 18
688 2633 826 2678 psalmo
851 2633 888 2668 B
1006 2634 1128 2678 tangit
1152 2633 1227 2668 DB
1357 2633 1398 2667 19
1426 2632 1606 2677 fumigant
1631 2631 1668 2665 1)

146 2691 192 2726 20
218 2691 384 2726 uniuerso
411 2691 544 2726 mundo
570 2692 606 2726 B
726 2692 769 2727 21
796 2694 960 2728 naturam
989 2695 1110 2736 (corr.)
1136 2692 1206 2727 ΕΣ
1340 2691 1560 2737 dispargitur
1584 2690 1669 2730 RL

143 2751 275 2794 (corn),
300 2749 524 2803 D‚Ba7c.n22
638 2752 823 2797 cupientes
848 2751 883 2786 L
992 2752 1037 2787 22
1065 2751 1218 2787 dicimus
1252 2751 1334 2786 WB
1454 2751 1499 2785 23
1527 2751 1562 2784 in
1588 2761 1667 2796 spe-

146 2809 262 2843 culum
290 2810 325 2843 B
351 2810 387 2843 in
413 2810 558 2855 speculo
585 2812 620 2854 (o
647 2821 691 2846 ex
716 2811 750 2857 a)
776 2811 808 2846 Σ
