1884 3254
254 245 340 286 336
806 242 957 276 Sancti
981 241 1234 286 Hieronymi

254 370 413 413 bellum
446 371 489 413 et
519 370 662 412 uincat
692 370 790 412 illos
823 371 866 411 et
897 368 1062 412 occidat
1093 370 1136 413 et
1167 381 1339 422 corpora
1369 382 1513 413 eorum
1543 371 1706 414 iaceant
1734 373 1776 416 in

194 444 218 479 4
254 441 405 496 plateis
444 441 629 483 ciuitatis
667 452 855 495 magnae.
894 439 945 481 de
983 452 1065 493 qua
1103 439 1276 482 ciuitate
1313 441 1356 482 et
1390 440 1434 482 in
1471 441 1550 483 fine
1588 442 1779 486 eiusdem

255 512 352 554 libri
391 511 606 553 scribitur:
648 512 697 552 et
735 509 939 552 ciuitas
977 508 1027 551 in
1065 509 1327 563 quadrato
1370 511 1555 564 posita
1598 515 1680 555 est
1727 515 1779 556 et

256 581 546 636 longitudo
575 581 691 622 eius
719 582 769 622 et
793 579 1034 622 latitudo
1060 581 1213 622 tanta
1239 582 1332 633 est,
1357 584 1556 635 quanta
1581 585 1633 626 et
1658 584 1778 627 alti·

255 652 395 695 tudo.
434 653 484 693 et
520 662 735 692 mensus
781 652 864 692 est
908 650 1197 692 ciuitatem
1243 651 1302 693 de
1346 651 1640 696 harundine
1683 667 1778 708 per
1819 666 1840 695 5
1882 668 1884 670 ·

257 722 431 765 stadia
476 721 758 764 duodecim
801 720 966 763 milia.
1010 721 1300 776 longitudo
1345 724 1397 764 et
1438 722 1682 766 latitudo
1727 726 1780 768 et

257 792 495 834 altitudo
537 791 653 833 eius
692 791 944 846 aequalia
982 793 1118 834 sunt.
1158 794 1208 834 et
1238 804 1454 835 mensus
1486 796 1570 836 est
1599 807 1778 838 muros

258 863 375 905 eius
403 865 612 905 centum
640 861 1004 917 quadraginta
1031 864 1292 916 quattuor
1317 863 1622 908 cubitorum
1647 877 1778 908 men-

258 947 380 977 sura
423 933 669 985 hominis,
710 945 841 987 quae
886 934 969 975 est
1013 933 1205 989 angeli.
1245 936 1296 975 et
1340 937 1455 977 erat
1497 936 1780 978 structura

257 1004 391 1046 muri
424 1004 540 1046 eius
574 1016 630 1045 ex
654 1003 836 1057 lapide
861 1003 1088 1057 iaspide,
1113 1004 1234 1057 ipsa
1263 1016 1389 1046 uero
1417 1005 1621 1047 ciuitas
1648 1018 1774 1049 auro
1800 1018 1842 1047 10

256 1075 445 1116 mundo
488 1076 530 1116 et
567 1077 716 1116 cetera.
747 1073 823 1116 ubi
855 1073 1057 1128 quadrum
1093 1078 1172 1126 est,
1204 1087 1282 1116 nec
1312 1074 1533 1130 longitudo
1569 1088 1646 1118 nec
1683 1076 1779 1118 lati-

253 1145 356 1187 tudo
390 1144 591 1198 appellari
622 1146 775 1198 potest.
808 1146 850 1186 et
883 1157 988 1199 quae
1020 1147 1086 1187 cst
1121 1145 1207 1188 ista
1242 1158 1450 1198 mensura,
1481 1147 1531 1188 ut
1566 1147 1685 1188 tanta
1722 1146 1779 1189 sit

253 1215 473 1269 longitudo
519 1217 560 1256 et
602 1215 798 1266 latitudo,
837 1217 993 1270 quanta
1035 1217 1079 1257 et
1121 1215 1302 1258 altitudo
1346 1216 1451 1268 eius,
1490 1218 1532 1259 et
1573 1217 1685 1259 muri
1727 1217 1778 1260 de

254 1285 394 1340 lapide
427 1285 588 1338 iaspide
622 1287 665 1327 et
695 1287 787 1328 to‘ta
819 1285 972 1328 ciuitas
1005 1286 1056 1328 de
1094 1299 1194 1329 auro
1232 1287 1389 1329 mundo
1428 1288 1472 1329 et
1506 1287 1780 1330 fundamenta

256 1358 298 1398 et
339 1355 502 1410 plateae
547 1355 637 1398 eius
680 1356 733 1423 de
775 1356 990 1410 lapidibus
1034 1357 1231 1410 pretiosis
1277 1359 1319 1399 et
1359 1357 1583 1400 duodecim
1631 1360 1776 1411 portae
1800 1371 1840 1401 1⁵
1877 1358 1884 1429 ζ

255 1427 464 1481 fulgentes
496 1427 766 1481 margaritis?
1878 1435 1884 1474 ζ

316 1498 351 1539 7.
386 1496 492 1539 Cum
525 1510 622 1553 ergo
659 1497 763 1540 haec
800 1510 881 1540 non
919 1498 1085 1552 possint
1122 1498 1343 1541 carnaliter
1379 1490 1515 1553 accipi
1544 1523 1602 1529 —-
1634 1499 1778 1542 absur-
1876 1475 1884 1566 ξ

256 1567 356 1609 (111111
388 1567 542 1622 quippe
581 1569 646 1609 est
681 1581 755 1622 per
791 1567 1014 1610 duodecim
1051 1569 1170 1610 milia
1207 1569 1440 1612 stadiorum
1476 1571 1637 1612 tantam
1675 1570 1777 1613 ciui·
1876 1567 1884 1576 ’

255 1639 355 1680 tatis
404 1639 711 1693 longitudinem
763 1642 806 1682 et
845 1639 1130 1692 latitudinem,
1175 1643 1373 1694 quantam
1425 1643 1467 1683 et
1508 1641 1778 1684 altitudinem

255 1708 485 1762 praedicari
515 1733 587 1761 —‚
620 1709 868 1763 spiritaliter
896 1709 1181 1764 intellegenda
1211 1712 1310 1752 sunt
1342 1710 1522 1765 singula.
1550 1712 1592 1752 et
1622 1710 1775 1754 ciuitas
1800 1725 1841 1756 6ο
1874 1706 1884 1769 ξ

255 1792 419 1834 magna,
458 1792 584 1833 quam
626 1780 827 1822 uidelicet
869 1780 986 1834 prius
1031 1780 1272 1823 aedificauit
1315 1781 1415 1824 Cain
1460 1783 1502 1823 et
1543 1781 1780 1823 nominauit
1857 1769 1884 1837 *³⁴⁴

257 1862 347 1892 eam
381 1863 427 1892 ex
454 1851 662 1893 uocabulo
694 1851 771 1892 filii
805 1851 885 1902 sui,
919 1851 989 1893 hic
1020 1851 1203 1893 mundus
1237 1852 1508 1906 accipiendus
1540 1854 1616 1904 cst,
1649 1864 1794 1906 quem.

257 1924 475 1964 accusator
514 1922 691 1964 fratrum
742 1935 916 1964 suorum
965 1923 1159 1964 diabolus
1210 1925 1253 1965 61
1299 1922 1515 1966 fratricida
1562 1922 1778 1976 periturus

258 1993 436 2035 extruxit
476 1993 610 2045 uitiis,
645 1994 874 2036 sceleribus
920 1994 1121 2046 condidit,
1165 1994 1388 2047 iniquitate
1433 1994 1660 2048 conpleuit,
1706 1994 1779 2048 qui

260 2063 505 2117 spiritaliter
542 2065 779 2118 appellatur
817 2064 999 2107 Sodoma
1036 2067 1078 2107 et
1113 2065 1345 2120 Aegyptus.
1386 2065 1436 2107 de
1474 2077 1557 2119 qua
1594 2063 1778 2106 Sodoma
1800 2079 1840 2108 66

378 2213 399 2248 3
426 2214 559 2258 *Apoc.
587 2214 643 2256 21,
673 2214 811 2249 16-18
881 2214 926 2249 12
953 2213 995 2249 cf.
1021 2213 1132 2260 Apoc.
1151 2214 1207 2257 21,
1229 2214 1366 2249 16-21
1436 2215 1479 2250 21
1503 2214 1546 2252 cf.
1566 2214 1654 2250 Gen.
1675 2214 1711 2260 4,
1732 2214 1776 2250 17
1841 2264 1845 2268 .

259 2272 303 2307 25
331 2272 373 2307 cf.
399 2272 511 2318 Apoc.
540 2273 593 2315 11,
621 2273 641 2307 8

307 2355 323 2390 1
353 2355 474 2389 uincet
497 2366 521 2399 g
618 2367 677 2390 eos
703 2356 739 2390 Β
836 2355 977 2390 occidet
999 2367 1024 2400 g
1118 2356 1290 2391 iacebunt
1312 2367 1337 2400 g
1410 2357 1431 2391 2
1456 2356 1578 2401 platea
1599 2367 1625 2401 ς
1716 2354 1776 2401 de]

259 2413 303 2448 da
321 2413 357 2447 B
406 2413 426 2446 3
454 2413 586 2458 quadro
607 2413 643 2447 Β
690 2415 712 2448 4
737 2414 817 2458 lat.]
846 2414 932 2449 add.
954 2415 1028 2449 eius
1048 2414 1084 2448 Β
1131 2414 1153 2449 5
1180 2414 1236 2459 (16]
1262 2425 1326 2460 per
1342 2415 1380 2449 Β
1453 2413 1664 2449 arundinem
1686 2414 1777 2458 GR,-

259 2471 344 2507 add.
371 2482 478 2506 aurea
500 2483 524 2516 g
620 2483 683 2517 per
708 2483 774 2507 om.
801 2473 837 2506 B
933 2473 954 2507 6
981 2473 1144 2508 dodecim
1168 2472 1276 2508 Ka.c.
1302 2472 1455 2508 duodeci
1483 2472 1582 2508 Ga.c.
1678 2472 1778 2517 long.

259 2531 335 2565 61116
359 2530 403 2564 K
538 2533 573 2565 et
599 2531 661 2566 alt.
688 2541 754 2567 om.
782 2531 825 2565 K
941 2532 968 2567 8·
989 2532 1120 2577 quatt]
1145 2532 1217 2567 tria.
1241 2532 1342 2567 milia
1364 2531 1401 2566 Β
1520 2533 1541 2567 9
1567 2533 1623 2566 661
1647 2542 1715 2567 om.
1739 2531 1780 2566 Β

260 2589 304 2625 10
328 2589 492 2635 hiaspide
521 2589 555 2624 G
675 2601 715 2624 ex
741 2601 823 2624 auro
848 2603 872 2635 g
1006 2592 1045 2625 11
1075 2590 1289 2636 quadratum
1312 2591 1349 2625 B
1470 2591 1538 2636 est]
1565 2590 1653 2626 add.
1677 2591 1730 2625 ibi
1753 2602 1778 2635 ς

260 2648 303 2684 12
329 2649 423 2683 tanti
447 2648 491 2683 K
562 2649 605 2684 13
630 2649 710 2694 161.]
738 2649 891 2684 altitudo
921 2650 954 2685 G
1027 2651 1092 2685 alt.
1120 2653 1157 2685 et
1181 2661 1248 2687 om.
1273 2650 1318 2685 K
1387 2650 1466 2696 alt]
1494 2649 1651 2685 latitudo
1675 2648 1776 2694 Gpc

259 2708 304 2743 14
328 2707 499 2754 hyaspide
529 2707 562 2742 G
684 2709 725 2742 17
752 2711 900 2753 possent
923 2709 959 2743 B
1061 2709 1146 2755 acc.]
1173 2709 1333 2755 intelligi
1357 2709 1393 2744 B
1515 2709 1558 2744 18
1584 2708 1714 2743 ciuitas
1740 2707 1779 2742 B

260 2767 303 2802 19
328 2767 407 2811 lat.]
436 2766 666 2802 altitudinem
691 2766 734 2801 K
851 2771 983 2812 quanta
1009 2769 1045 2802 Β
1135 2768 1180 2803 20
1206 2769 1314 2814 sing.]
1341 2769 1462 2804 omnia
1485 2768 1522 2803 Β
1611 2767 1656 2802 22
1684 2767 1774 2812 acc.]

258 2825 515 2871 intelligendus
539 2837 564 2870 g
635 2825 680 2860 24
707 2828 884 2861 struxerat
908 2827 944 2860 Β
1040 2827 1140 2862 1111116
1168 2830 1204 2863 61
1233 2827 1267 2862 G'·
1364 2828 1439 2873 qui]
1468 2838 1559 2872 quae
1582 2837 1608 2871 s
