1884 3254
528 255 733 301 Epistula
757 254 912 290 XXVIII
937 254 1124 290 Ἱ-ΧΧΙΧ
1149 256 1170 290 2
1528 259 1614 300 233

26 391 27 394 ’
91 387 276 436 festinat,
313 399 400 428 rem
445 382 644 440 grandem
690 384 868 426 celerius
913 384 1040 434 dicto,
1080 397 1206 438 quam
1245 385 1389 435 debe0,
1429 385 1529 427 licet
1566 386 1616 427 de

27 451 31 470 ²
91 457 313 511 scripturis
350 455 508 498 sanctis
547 454 780 508 disputanti
824 467 904 496 non
949 456 1034 496 tam
1081 455 1318 497 necessaria
1362 455 1447 498 sint
1489 455 1618 498 uerba

15 562 19 566 r
92 540 217 582 quam
254 539 419 576 sensus,
459 525 570 580 quia,
609 525 646 567 si
685 525 966 578 eloquentiam
1013 525 1269 579 quaerimus,
1309 525 1616 568 Demosthenes

19 619 24 628 ·
90 597 293 652 legendus
325 598 400 639 aut
429 596 596 638 Tullius
623 598 701 646 est,
736 595 771 638 si
798 598 1057 638 sacramenta
1090 596 1246 646 diuina,
1273 596 1406 638 nostri
1438 596 1619 649 codices,

34 707 41 723 ³
91 668 165 722 qui
197 668 247 710 de
279 668 470 710 Hebraeo
503 667 542 708 in
575 667 773 708 Latinum
804 679 885 709 non
918 667 1023 708 bene
1056 669 1264 717 resonant,
1297 666 1558 720 peruidendi.

152 740 192 781 2.
229 739 277 781 In
308 739 444 781 fronte
476 738 686 792 epistulae
718 742 816 780 tuae
848 750 1063 792 posueras,
1102 737 1204 792 quid
1236 738 1317 780 sibi
1349 738 1467 788 uelit,
1506 737 1618 791 quod

89 810 131 852 in
163 810 404 866 Regnorum
436 810 543 852 libro
581 809 714 862 primo
754 809 959 863 scriptum
1000 811 1083 851 est:
1117 810 1167 850 et
1200 808 1452 851 Samuhel
1491 821 1618 862 puer

7 924 11 926 ,
91 881 372 924 seruiebat
409 883 529 922 ante
568 882 921 934 conspectum
962 879 1163 921 domini
1198 879 1413 922 cinctus
1449 879 1616 933 ephod

20 943 52 949 ”
90 952 190 994 bad
231 954 282 994 et
313 951 611 1006 diploidam
643 950 878 992 habebat
909 951 1184 1005 pusillam,
1218 963 1371 1004 quam
1410 951 1618 992 fecerat

21 1076 23 1079 Α
92 1023 138 1066 ei
169 1025 334 1065 mater
359 1035 455 1064 sua
480 1025 530 1063 et
562 1022 834 1064 afferebat
866 1022 912 1063 ei
945 1021 1004 1063 de
1038 1021 1230 1063 diebus
1263 1021 1313 1062 in
1347 1021 1475 1073 dies,
1502 1034 1615 1064 cum

91 1093 416 1136 ascenderet
436 1105 549 1135 cum
576 1092 692 1134 uiro
715 1104 808 1134 suo
836 1092 896 1134 ad
924 1091 1247 1134 sacrificare
1274 1091 1616 1134 sacrificium

2 1214 26 1224 -‚
91 1165 308 1207 dierum.
345 1164 487 1217 itaque
533 1163 712 1217 quaeris,
758 1162 860 1216 quid
904 1163 962 1205 sit
1005 1162 1143 1216 ephod
1187 1162 1281 1213 bad,
1321 1175 1402 1216 quo
1446 1162 1616 1204 futurus

3 1226 23 1284 '33'
91 1235 295 1290 propheta
330 1234 628 1290 praecingitur,
666 1235 863 1275 utrumne
910 1246 1013 1275 zona
1056 1245 1120 1283 an,
1158 1235 1208 1276 ut
1245 1233 1414 1286 quidam
1453 1234 1617 1288 putant,

4 1319 15 1356 ἢ
89 1305 333 1348 turabulum
378 1305 449 1346 uel
493 1317 625 1359 genus
671 1303 844 1357 aliquod
887 1303 1134 1346 uestimenti
1185 1305 1254 1346 sit.
1301 1306 1344 1345 et
1387 1304 1424 1346 si
1467 1304 1616 1354 uestis,

4 1370 59 1417 Γ.
91 1376 300 1431 quomodo
335 1389 382 1418 ea
415 1375 624 1430 cingitur?
659 1377 701 1417 et
733 1377 830 1428 post
860 1375 1002 1429 ipsum
1036 1374 1172 1428 ephod
1206 1387 1332 1428 quare
1372 1374 1619 1429 adiungitur

93 1448 132 1491 ei
162 1448 273 1490 bad?
305 1447 346 1489 in
381 1447 655 1501 sequentihus
689 1458 856 1500 quoque
886 1446 1044 1500 legisse
1077 1448 1119 1487 te
1151 1445 1316 1497 scribis,
1354 1445 1429 1486 ubi
1468 1445 1620 1487 uenit

10 1514 23 1572 ξ
92 1519 243 1562 homo
283 1518 366 1560 dei
405 1518 466 1560 ad
495 1518 619 1560 Heli
654 1519 707 1559 et
745 1517 882 1559 dicit
914 1517 981 1559 ei:
1013 1517 1141 1559 haec
1174 1516 1316 1558 dicit
1348 1516 1615 1558 dominus:

9 1590 19 1645 ᾗ
92 1590 383 1632 manifeste
430 1588 648 1631 ostendi
687 1601 763 1630 me
807 1588 868 1630 ad
912 1588 1119 1630 domum
1156 1587 1331 1641 patris
1369 1588 1464 1638 tui,
1504 1599 1617 1629 cum

25 1676 30 1713 j-
93 1663 278 1705 essent
307 1661 360 1703 in
391 1663 537 1703 terra
563 1660 798 1715 Aegypti
831 1659 1144 1702 seruientes
1175 1659 1226 1700 in
1255 1659 1404 1701 domo
1431 1659 1618 1700 Phara-
1648 1671 1651 1674 ·

8 1739 69 1783 sao
93 1733 224 1776 onis
259 1735 310 1775 et
341 1733 487 1787 elegi
521 1733 727 1774 domum
760 1731 934 1785 patris
966 1731 1048 1772 tui
1082 1743 1136 1773 ex
1170 1730 1416 1772 omnibus
1450 1730 1618 1772 tribu-

10 1785 24 1850 5
93 1804 192 1846 bus
230 1804 441 1846 Israhel
478 1803 609 1845 mihi
651 1803 703 1844 in
743 1802 1127 1853 sacerdotium,
1165 1804 1224 1843 ut
1261 1801 1618 1844 ascenderent

10 1852 42 1944 {x
94 1876 151 1922 ad
183 1876 356 1917 altare
387 1887 554 1916 meum
588 1875 637 1915 et
665 1873 1020 1915 incenderent
1052 1872 1330 1914 incensum
1365 1873 1415 1913 et
1446 1873 1618 1926 porta-

10 1945 27 1994 ς

212 2003 232 2038 7
259 2001 297 2036 *1
321 2002 410 2047 Reg.
437 2002 470 2045 2,
499 2001 637 2036 18—19
713 2001 756 2035 16
782 1999 824 2034 *Ι
848 1999 938 2045 Reg.
964 2000 998 2043 2,
1024 1999 1166 2034 27—28

143 2085 160 2120 1
189 2083 267 2119 dico
292 2084 372 2119 All
486 2083 612 2128 debeo]
639 2083 754 2118 habeo
779 2093 804 2127 g
900 2083 921 2117 2
947 2081 1082 2117 sanctis
1106 2092 1136 2116 s.
1163 2081 1186 2117 l.
1211 2082 1274 2116 m2
1298 2079 1333 2114 Β
1427 2079 1448 2114 3
1475 2077 1571 2124 quod
1595 2089 1619 2122 ς

31 2179 33 2181 ,
93 2144 231 2190 quaen]
266 2154 358 2188 quae
390 2145 558 2189 (quaeras
588 2144 666 2186 m2)
697 2142 834 2188 primus
859 2141 895 2175 A
927 2140 1069 2186 quaeris
1093 2151 1118 2185 ς
1262 2139 1480 2191 demostenis
1506 2137 1620 2173 AIID

93 2204 117 2239 4
142 2203 330 2249 eligendus
357 2203 441 2247 II,A
466 2203 494 2247 (i
518 2214 562 2238 ex
586 2214 605 2237 e
630 2203 708 2248 m2)
804 2201 928 2236 diuina
950 2212 979 2236 s.
1006 2201 1029 2235 l.
1057 2200 1096 2234 Π
1163 2200 1185 2234 5
1209 2200 1324 2235 latino
1354 2198 1390 2233 Π
1482 2196 1619 2243 peruid.

92 2262 170 2307 (uid
195 2263 237 2298 in
260 2274 336 2299 ras.
361 2264 438 2306 7122)
463 2262 499 2296 B
523 2261 662 2308 prouid.
689 2265 753 2298 cet.
851 2261 872 2295 6
899 2260 1013 2295 uellet
1037 2259 1136 2294 Ba.c.
1224 2259 1244 2293 7
1271 2268 1396 2303 regum
1422 2257 1462 2292 D
1563 2266 1618 2290 sa-

28 2320 33 2362 ]
93 2321 191 2356 muel
216 2321 288 2356 ΠΒ
386 2331 476 2366 puer
499 2320 535 2355 Β
557 2331 697 2366 semper
722 2323 784 2357 cet.
870 2319 892 2355 8
919 2319 1030 2365 ephot
1053 2318 1140 2363 Β,Π
1161 2317 1280 2363 (corr.)
1367 2317 1388 2353 9
1414 2315 1479 2352 bat
1502 2313 1623 2359 AII,B

18 2386 36 2431 2
93 2382 127 2425 (t
151 2391 196 2415 ex
220 2391 237 2422 r
259 2382 338 2424 m2)
364 2380 448 2415 ebat
473 2382 508 2424 (e
533 2381 642 2424 eras.)
666 2379 706 2414 D
850 2378 1055 2424 deploidam
1079 2378 1115 2413 A
1141 2376 1336 2422 diploidem
1360 2375 1396 2411 B
1515 2374 1558 2409 10
1584 2376 1622 2408 et

42 2487 46 2489 ¹
98 2438 272 2474 afferebat
297 2439 330 2473 ei
355 2438 404 2478 D,
431 2449 499 2473 om.
524 2438 634 2474 ΑΗΒ
663 2438 765 2481 (add.
797 2438 838 2472 i‘n
868 2447 937 2482 my.
963 2436 1059 2472 Eme
1090 2437 1137 2480 et,
1168 2435 1224 2470 ml
1249 2434 1423 2470 afferebat
1448 2434 1481 2469 ei
1505 2435 1622 2468 mater

30 2507 34 2514 ²
95 2499 175 2540 sua)
248 2497 289 2532 11
318 2496 363 2531 ad
389 2507 457 2532 om.
475 2496 512 2531 Β
582 2496 626 2532 12
651 2497 764 2542 ephot
781 2496 818 2530 Β
841 2496 1017 2541 (saepius)
1114 2495 1178 2530 bat
1196 2493 1355 2538 AIlD‚B
1379 2494 1438 2538 (ex
1462 2492 1526 2528 bar
1544 2493 1620 2535 m2)

97 2556 181 2602 quo]
208 2556 305 2601 quod
329 2556 368 2591 D
442 2556 486 2591 13
510 2556 751 2602 praecincitur
771 2555 811 2590 II
902 2556 1021 2590 utrum
1047 2553 1148 2590 Ba.e.
1222 2554 1267 2588 14
1291 2552 1407 2588 tui-ab.
1427 2553 1463 2587 A
1487 2550 1620 2596 (turyb.

29 2644 48 2660 ,
95 2617 184 2660 me),
207 2615 282 2650 DB
303 2614 413 2652 turib.
442 2615 479 2650 11
620 2615 758 2661 aliquid
783 2615 819 2650 A
952 2613 1000 2649 sit
1025 2624 1054 2650 s.
1081 2613 1105 2648 z.
1130 2601 1194 2647 me
1218 2612 1253 2647 Β
1370 2612 1484 2646 uestis
1510 2612 1565 2645 est
1590 2609 1624 2643 Β

99 2674 143 2711 15
168 2675 416 2721 praecingitur
434 2685 463 2719 ,ς
585 2673 628 2709 16
652 2674 717 2710 bat
741 2674 856 2709 ΑΗΒ
879 2673 944 2708 bar
969 2673 1004 2708 B
1025 2673 1091 2715 (sic
1114 2672 1272 2717 saepius)
1418 2669 1479 2705 ubi
1505 2679 1574 2704 om.
1597 2679 1622 2712 g

100 2735 141 2769 17
170 2734 217 2769 eli
235 2745 260 2778 g
332 2734 375 2769 18
402 2726 459 2768 tui
475 2733 510 2768 Β
532 2734 587 2768 tui
613 2744 654 2769 ex
678 2734 750 2777 (tui
771 2736 808 2768 et
827 2745 868 2768 ex
889 2733 939 2777 Π)
963 2732 1127 2768 omnibus
1153 2730 1319 2766 tribubus
1343 2728 1477 2765 israhel
1501 2726 1621 2771 (israel

31 2838 35 2843 .
99 2792 151 2837 11)
173 2792 288 2828 Am)
385 2793 429 2827 19
454 2781 656 2829 sarmenta
677 2803 707 2829 ε.
734 2792 759 2828 ι.
782 2794 846 2827 m2
869 2791 905 2827 Β
998 2791 1041 2825 21
1069 2790 1177 2825 israel
1204 2788 1273 2823 ΠΒ
1371 2786 1460 2822 mihi
1484 2797 1513 2821 ε.
1541 2786 1562 2822 ι,
1589 2784 1624 2820 Β

42 2894 43 2897 ¹
97 2850 307 2887 ascenderet
330 2862 355 2896 ς
426 2851 472 2886 22
496 2850 708 2886 incederent
731 2851 768 2886 A
