1884 3254
271 196 325 236 86
806 191 957 227 Sancti
982 190 1237 235 Hieronymi

328 322 365 364 9.
391 322 454 363 Et
485 320 752 374 seraphim
781 320 1000 361 stabant
1030 320 1080 360 in
1114 319 1353 360 circuitu
1386 319 1521 360 eius:
1548 331 1634 360 sex
1661 318 1779 360 alae

268 391 356 433 uni
384 394 434 433 et
459 404 546 433 sex
571 391 685 432 alae
713 390 884 432 alteri.
914 390 1084 444 quidam
1106 386 1374 457 Gr·aec01um‚
1399 389 1466 430 uir
1490 389 1532 430 in
1559 388 1779 443 scripturis

267 461 451 515 adprime
490 461 692 510 eruditus,
732 460 940 514 seraphim
978 460 1158 501 uirtutes
1199 459 1401 513 quasdam
1438 459 1480 500 in
1519 459 1646 501 caelis
1684 470 1779 500 esse
1836 489 1838 491 ψ

267 531 471 584 exposuit
504 543 609 583 quae
648 533 742 572 ante
779 530 963 571 tribunal
1001 529 1068 571 dei
1105 530 1358 572 adsistentes
1395 529 1568 571 laudent
1603 541 1700 571 eum
1737 530 1781 571 et

264 611 305 651 jn
339 602 503 642 diuersa
534 601 765 642 ministeria
797 600 1018 641 mittantur
1049 599 1310 653 maximeque
1342 599 1394 641 ad
1420 612 1506 650 eos,
1533 600 1605 653 qui
1629 611 1780 656 purga-
1821 617 1840 645 ⁶
1875 614 1879 617 “

264 671 376 712 tione
402 671 589 725 indigent
615 673 655 712 et
681 670 732 712 ob
759 670 934 723 pristina
959 671 1132 724 peccata
1163 669 1304 723 aliqua
1329 682 1376 711 ex
1401 672 1517 723 parte
1544 671 1779 725 suppliciis.

265 742 389 794 ‘quod
414 743 552 783 autem
581 741 792 782 sublatum
820 745 913 790 est',
940 740 1090 793 inquit,
1119 740 1451 794 ‘superliminare
1477 742 1520 783 et
1544 741 1694 784 domus
1718 741 1780 783 in-

262 812 374 865 pleta
406 814 471 853 est
501 811 630 862 fumo,
659 812 824 866 signum
858 812 922 852 est
946 811 1094 865 templi
1121 811 1282 853 Iudaici
1309 811 1550 854 destruendi
1576 813 1618 854 et
1641 812 1780 855 incen-

265 881 319 922 dii
359 882 579 923 uniuersae
611 881 905 923 Hierusalem‘.
939 881 1128 922 nonnulli
1159 893 1258 923 uero
1290 881 1331 922 in
1367 880 1652 936 superioribus
1684 895 1778 925 con-

263 951 489 993 sentientes
532 952 571 993 in
619 953 800 993 extrema
847 952 964 1004 parte
1009 950 1276 993 dissentiunt.
1322 964 1416 993 nam
1462 952 1778 1006 superliminare
1802 966 1839 995 ιο

263 1022 476 1063 sublatum
509 1022 581 1063 illo
613 1024 800 1074 tempore
832 1021 1085 1075 praedicant,
1120 1021 1284 1075 quando
1316 1023 1461 1064 uelum
1492 1023 1642 1077 templi
1674 1023 1778 1065 scis-

262 1104 354 1133 sum
399 1095 463 1133 est
506 1095 548 1133 et
590 1092 786 1134 uniuersa
830 1092 978 1134 domus
1022 1092 1184 1134 Israhel
1229 1093 1378 1135 erroris
1428 1093 1538 1135 nube
1589 1094 1778 1144 confusa,

261 1161 422 1214 quando
454 1162 659 1215 Iosephus
691 1163 819 1204 refert
851 1162 1089 1205 sacerdotes
1123 1176 1169 1204 ex
1207 1163 1344 1218 adytis
1381 1164 1530 1218 templi
1568 1164 1777 1206 uirtutum

260 1231 503 1272 caelestium
537 1231 704 1273 audisse
736 1244 906 1274 uocem:
940 1234 1216 1274 ‘transeamus
1249 1245 1295 1274 ex
1326 1232 1392 1274 his
1425 1233 1623 1276 sedibus’.

319 1302 387 1342 10.
419 1303 496 1343 Est
532 1315 631 1344 uero
671 1302 854 1356 quidam,
894 1316 917 1344 a
953 1302 1037 1356 'quo
1078 1315 1154 1358 ego
1192 1304 1447 1357 perplurima
1479 1304 1677 1347 didicisse
1707 1318 1775 1347 me
1801 1318 1838 1347 15

259 1372 421 1425 gaudeo
448 1374 490 1414 et
516 1373 587 1426 qui
613 1373 850 1414 Hebraeum
885 1386 1118 1415 sermonem
1144 1374 1205 1416 ita
1235 1374 1430 1423 elimarit,
1462 1377 1512 1416 ut
1541 1375 1650 1417 inter
1673 1377 1777 1418 scri-

257 1441 331 1483 bas
370 1454 508 1483 eorum
551 1442 784 1485 Chaldaeus
823 1444 1078 1486 aestimetur.
1116 1444 1154 1486 is
1191 1445 1315 1500 longe
1349 1445 1430 1486 alia
1460 1435 1531 1486 uia
1559 1446 1776 1501 ingressus

260 1512 335 1553 est.
368 1512 426 1553 ait
456 1512 563 1554 enim
596 1514 757 1555 nullum
797 1515 1092 1568 prophetarum
1132 1517 1245 1557 extra
1275 1515 1444 1557 Esaiam
1475 1516 1636 1558 uidisse
1668 1529 1778 1559 sera-

258 1581 372 1634 phim
400 1582 510 1623 circa
535 1582 658 1624 deum
685 1584 839 1625 stantia
864 1586 906 1625 et
925 1597 975 1625 ne
995 1586 1087 1637 ipsa
1108 1585 1276 1638 quidem
1304 1586 1514 1640 seraphim
1535 1586 1636 1627 alibi
1659 1586 1777 1629 lecti·

258 1651 349 1702 tari,
372 1652 464 1693 dein
491 1654 862 1696 consummationis
896 1657 937 1696 et
968 1655 1229 1709 captiuitatis
1254 1656 1535 1707 Hierusalem,
1563 1669 1668 1710 quae
1694 1657 1774 1699 sub
1797 1669 1836 1698 so

377 1802 392 1836 1
422 1802 541 1836 fflsai.
566 1803 599 1845 6,
626 1803 647 1837 2
758 1804 798 1837 11
828 1803 870 1839 ef.
897 1803 1026 1839 Matth.
1048 1804 1104 1849 27,
1125 1805 1166 1839 51
1196 1806 1264 1839 etc.
1376 1806 1420 1840 13
1446 1806 1489 1842 cf.
1515 1806 1658 1852 Ioseph.
1683 1807 1776 1842 Bell.

257 1858 333 1893 Iud.
360 1859 409 1893 VI
434 1860 467 1904 5,
494 1861 514 1894 3

307 1942 322 1975 1
351 1942 472 1976 stabat
502 1942 552 1977 W
644 1944 721 1977 eius
747 1954 813 1978 om.
840 1943 879 1978 F
972 1945 993 1978 2
1020 1945 1096 1979 alae
1121 1956 1149 1980 s.
1177 1946 1199 1979 l.
1225 1947 1286 1979 m2
1310 1945 1350 1980 F
1448 1945 1503 1979 uir
1534 1945 1590 1989 W,
1616 1957 1683 1981 om.
1711 1951 1775 1982 cet.

257 1999 278 2033 3
305 2001 463 2045 apprime
487 2013 511 2045 g
581 2003 603 2036 4
631 2002 688 2036 dei
713 2013 740 2037 s.
769 2004 791 2037 l.
817 2003 850 2037 Σ
919 2003 1098 2038 adsistens
1130 2003 1181 2038 W
1248 2004 1399 2038 laudant
1422 2004 1473 2039 W
1541 2006 1562 2040 5
1588 2005 1624 2039 in
1649 2016 1676 2040 s.
1699 2006 1721 2040 l.
1741 2006 1777 2040 L

256 2058 416 2093 misteria
440 2060 474 2094 L
500 2061 669 2105 mysteria
692 2061 732 2096 F
835 2062 1086 2107 purgationem
1111 2062 1286 2105 LW‚FD
1311 2063 1433 2108 (corr.)
1542 2065 1563 2098 6
1589 2065 1776 2110 suppliciis

257 2119 454 2161 purgantur
479 2120 638 2163 (purgari
664 2122 846 2154 merentur
868 2122 905 2164 ς)
925 2120 984 2165 Bg
1057 2122 1078 2156 8
1104 2121 1307 2157 incendium
1334 2132 1437 2156 uerse
1454 2122 1529 2157 FD
1552 2123 1588 2156 in
1614 2125 1709 2168 (exp.
1728 2123 1776 2168 B,

257 2185 323 2209 om.
350 2175 392 2219 S)
417 2177 617 2212 incendium
645 2178 814 2213 subuerse
838 2179 907 2214 BS
928 2179 1173 2215 incendendae
1197 2191 1258 2216 un.
1283 2192 1308 2225 g
1426 2182 1448 2216 9
1471 2181 1710 2227 Hierusalem]
1734 2183 1775 2217 in

256 2243 330 2268 ras.
362 2235 399 2275 Σ,
433 2235 518 2270 add.
553 2247 656 2280 quam
687 2237 849 2272 uidemus
881 2249 974 2273 nunc
1011 2239 1231 2274 destructam
1261 2240 1302 2274 in
1332 2251 1399 2285 my.
1431 2242 1495 2274 m2
1523 2241 1559 2275 B
1668 2242 1775 2277 lein

256 2303 283 2326 s.
311 2292 334 2326 l.
360 2296 421 2327 m?
446 2295 477 2328 Σ
565 2295 604 2329 11
632 2296 695 2329 illa
719 2299 881 2339 tempora
906 2298 939 2332 Σ
1027 2299 1068 2332 13
1095 2299 1263 2344 ioseppus
1288 2298 1372 2343 FJ.
1397 2300 1433 2342 (e
1459 2310 1502 2334 ex
1526 2299 1554 2344 i)
1578 2300 1722 2346 iosepus
1746 2301 1781 2336 Σ
1811 2339 1814 2340 ⁷

257 2348 365 2384 aditis
397 2350 442 2384 W
467 2351 598 2386 abditis
626 2357 689 2388 cet.
787 2355 921 2390 uirtute
950 2351 1071 2401 (corr.)
1098 2357 1130 2390 Σ
1210 2357 1254 2392 15
1280 2368 1366 2392 uero
1398 2357 1449 2392 W
1468 2369 1552 2393 uero
1579 2358 1636 2393 uir
1658 2358 1695 2393 Β
1718 2360 1776 2394 uir

257 2412 318 2443 cet.
414 2411 631 2454 perplurima
662 2411 711 2446 W
733 2413 884 2457 quedam
911 2414 970 2448 uel
995 2415 1097 2459 plura
1122 2416 1158 2449 B
1183 2415 1286 2460 plura
1311 2419 1375 2451 cet.
1452 2417 1493 2451 16
1518 2417 1654 2452 hebrea
1678 2413 1716 2456 (u
1733 2418 1775 2453 in

256 2467 345 2513 ras.)
371 2467 405 2501 Β
430 2468 663 2504 hebraeorum
689 2482 713 2515 ς
834 2472 876 2506 17
904 2472 1071 2507 chaldeos
1102 2473 1153 2507 W
1174 2474 1319 2509 caldeus
1344 2475 1446 2510 ΓΣΒ
1566 2476 1712 2511 estimet
1734 2477 1775 2512 D

257 2526 446 2561 extimetur
469 2526 505 2560 B
531 2528 752 2563 existimetur
777 2529 910 2571 Luta*
933 2535 1006 2575 (pr.
1033 2532 1044 2566 i
1072 2543 1115 2567 ex
1140 2535 1173 2576 e)
1271 2534 1325 2568 his
1350 2534 1606 2579 B,Z'W'(corr.)
1702 2536 1775 2571 alia

256 2585 316 2618 uia
340 2585 506 2629 BpaemzZ
639 2588 680 2622 19
707 2588 887 2624 dominum
911 2590 1017 2625 FDS
1157 2603 1222 2627 nec
1247 2593 1414 2637 Lp.c.m2
1537 2593 1696 2629 lecticari
1728 2595 1780 2629 W

255 2642 381 2678 lectari
399 2644 438 2678 D
462 2644 598 2680 latitari
618 2646 647 2680 S
694 2647 739 2682 20
759 2647 840 2682 dein
860 2648 1141 2694 L,Za.c.m2,l1⁷
1162 2650 1291 2686 dehinc
1310 2652 1590 2698 FDS,Zp.c.m2
1615 2653 1658 2688 de
1684 2656 1727 2697 (s.
1749 2654 1772 2689 l.

256 2702 332 2746 2212)
355 2702 412 2737 inc
438 2702 482 2738 de
507 2704 615 2750 (exp.)
641 2704 676 2738 Β
801 2706 1016 2751 captiuitate
1042 2709 1210 2744 La.c.2122
1347 2710 1588 2756 Hierusalem]
1614 2711 1774 2747 israhelfi

255 2761 290 2805 (si
318 2763 410 2805 emp.)
437 2761 469 2795 J.
