1884 3254
644 238 850 284 Epistula
873 239 1060 274 11—1112
1545 244 1600 284 13

10 397 11 401 η
74 379 184 409 nunc
219 365 411 420 probaui,
442 364 592 407 Rufine
630 364 858 407 carissime.
896 377 974 419 ego
1013 365 1139 415 enim,
1178 366 1251 419 qui
1288 366 1464 408 audacia
1494 367 1603 409 satis

73 438 176 479 uota
217 436 450 486 credebam,
501 435 539 477 si
582 435 879 477 uicissitudine
923 435 1160 477 litterarum
1205 436 1432 490 imaginem
1476 436 1601 479 nobis

74 507 335 561 praesentiae
371 506 658 556 mentiremur,
694 506 819 548 audio
857 508 900 548 te
936 507 1122 561 Aegypti
1166 510 1327 549 secreta
1369 509 1603 562 penetrareY

1 628 6 630 ἡ
73 578 371 620 monachorum
414 577 596 619 inuisere
638 577 789 619 choros
834 579 877 619 et
920 577 1146 619 caelestem
1182 578 1224 620 in
1262 578 1383 620 terris
1422 578 1598 620 circuire

17 661 49 696 a·
71 648 288 691 familiam.
320 661 343 691 o
376 648 412 690 si
443 648 548 690 mihi
579 661 687 690 nunc
720 648 914 690 dominus
939 649 1062 690 Iesus
1089 648 1283 691 Christus
1315 648 1386 692 uel
1410 649 1597 704 Philippi
1635 655 1660 690 2

71 719 124 761 ad
142 719 383 762 eunuchum
403 719 475 762 uel
493 719 730 762 Ambacum
750 719 803 761 ad
816 719 1068 762 Danihelum
1089 720 1404 763 translationem
1425 722 1597 775 repente

70 790 329 842 concederet,
356 804 480 844 quam
507 803 584 845 ego
611 803 721 832 nune
752 793 840 833 arte
871 792 946 832 tua
977 791 1225 847 stringerem
1257 791 1366 834 colla
1390 792 1596 845 conplexi-

69 861 165 912 bu8‚
203 874 330 916 quam
360 861 468 903 illud
507 874 570 912 os,
608 861 719 915 quod
756 873 923 903 mecum
962 861 1033 903 uel
1071 861 1228 904 errauit
1264 862 1487 915 aliquando
1525 863 1597 904 uel

69 933 226 986 sapuit,
268 932 470 986 inpressis
508 931 678 987 figerem
721 931 867 973 labiis!
905 944 1054 973 uerum
1093 931 1193 985 quia
1229 944 1310 974 non
1350 944 1511 974 mereor
1553 935 1597 974 et

6 1002 303 1048 „inualidum
341 1002 470 1044 etiam
507 1015 605 1044 cum
642 1014 789 1044 sanum
830 1004 895 1044 est
925 1001 1224 1055 corpusculum
1264 1002 1399 1044 crebri
1433 1002 1596 1058 fregere

68 1072 217 1124 morbi,
248 1073 323 1116 has
354 1073 438 1114 mei
468 1072 649 1115 uicarias
682 1074 724 1115 et
753 1073 832 1115 tibi
866 1072 1013 1114 obuias
1044 1073 1183 1124 mitto,
1223 1085 1330 1127 quae
1369 1074 1411 1114 te
1442 1075 1598 1129 copula

67 1143 221 1186 amoris
251 1142 446 1185 innexum
477 1143 531 1185 ad
561 1155 627 1184 me
658 1155 794 1197 usque
825 1143 1066 1197 perducant.

127 1215 165 1255 2.
182 1214 324 1256 Prima
346 1214 552 1267 inopinati
577 1214 722 1268 gaudii
747 1214 798 1256 ab
824 1214 1052 1257 Heliodoro
1077 1214 1268 1256 nuntiata
1291 1214 1488 1257 felicitas.
1510 1228 1592 1258 non

66 1284 287 1328 credebam
312 1287 489 1335 certum,
515 1284 630 1339 quod
654 1287 816 1327 certum
840 1297 935 1327 esse
961 1285 1197 1339 cupiebam,
1224 1286 1468 1340 praesertim
1496 1298 1592 1328 cum

5 1367 47 1404 n
67 1357 111 1398 et
139 1355 211 1398 ille
241 1356 292 1398 ab
325 1356 407 1398 alio
439 1356 610 1399 audisse
638 1368 683 1398 se
707 1356 866 1398 diceret
891 1358 934 1398 et
957 1356 1019 1398 rei
1043 1357 1210 1398 nouitas
1235 1356 1361 1398 fidem
1386 1356 1595 1399 sermonis

64 1426 258 1469 auferret.
280 1439 448 1468 rursum
479 1439 728 1481 suspensam
755 1428 855 1469 uoto
881 1429 1184 1481 nutantemque
1209 1428 1393 1469 mentem
1419 1426 1593 1482 quidam

61 1496 365 1540 Alexandrinus
389 1497 637 1549 monachus,
659 1498 733 1552 qui
757 1497 811 1540 ad
827 1497 1062 1552 Aegyptios
1089 1499 1350 1540 confessores
1377 1500 1420 1541 et
1443 1498 1591 1540 uolun-

62 1570 151 1610 tate
167 1568 252 1610 iam
277 1571 483 1623 martyres
508 1569 577 1623 pio
603 1569 740 1624 plebis
763 1570 903 1611 fuerat
925 1569 1202 1611 transmissus
1222 1569 1439 1623 obsequio,
1459 1569 1593 1611 mani-

62 1638 200 1681 festus
230 1639 282 1681 ad
313 1639 608 1682 credulitatem
633 1639 771 1682 nuntii
796 1642 944 1682 auctor
966 1639 1188 1693 inpulerat.
1216 1640 1352 1683 fateor
1375 1642 1420 1682 et
1441 1640 1484 1682 in
1508 1640 1591 1682 hoc
1626 1642 1651 1676 2

181 1791 203 1825 5
229 1789 273 1825 cf.
298 1789 379 1825 Act.
404 1790 438 1834 8,
463 1790 607 1826 26—40
678 1791 702 1825 6
727 1790 774 1826 cf.
797 1790 891 1826 Dan.
920 1791 964 1826 14
992 1792 1051 1835 (ε
1077 1790 1169 1836 Bel),
1195 1791 1339 1826 33-39

111 1885 127 1918 1
157 1884 321 1930 audacia]
347 1887 385 1920 te
411 1885 515 1920 anxia
539 1885 583 1921 K
735 1886 757 1920 2
782 1886 884 1931 uota]
909 1887 1032 1920 notum
1059 1885 1093 1930 ef
1231 1885 1252 1920 3
1278 1884 1392 1920 audeo
1416 1885 1589 1930 Kp.c.m2

60 1944 84 1977 4
113 1942 224 1989 mon.]
263 1943 538 1978 christianorum
568 1943 604 1978 A
636 1955 836 1979 ”unorum
868 1942 904 1979 21
1083 1943 1122 1978 in
1158 1954 1226 1979 om.
1258 1943 1303 1978 K
1464 1944 1485 1979 5
1517 1943 1585 1978 mi-

59 2002 179 2038 liciam
204 2013 220 2038 c
342 2014 362 2037 o
388 2013 456 2038 om.
482 2002 525 2037 K
639 2014 734 2038 nunc
759 2003 847 2038 mihi
871 2014 896 2048 ς
1002 2003 1111 2048 nunc]
1139 2013 1209 2039 om.
1233 2002 1287 2038 Κι
1311 2003 1398 2038 kme·
1416 2001 1588 2038 Ba.c.m2

61 2063 83 2096 6
107 2062 293 2098 ambacum
313 2061 399 2108 QLA
423 2062 504 2106 (alt.
529 2074 564 2097 m
590 2064 699 2107 eras.)
725 2062 899 2098 abbacum
919 2064 963 2098 K
985 2062 1128 2097 abalmk
1153 2074 1166 2097 ι
1191 2061 1350 2097 abacuch
1378 2061 1425 2108 ΟῙ
1448 2061 1584 2097 abacue

59 2122 130 2158 Bce
218 2121 278 2167 ad]
306 2133 327 2156 a
351 2122 388 2156 B
497 2121 704 2156 danihelum
731 2121 858 2165 ⁵211<st
882 2123 970 2167 (pff.
996 2121 1102 2166 -heli)
1128 2121 1262 2156 -helem
1288 2120 1323 2167 ef
1347 2121 1457 2156 -elem
1481 2120 1589 2156 ROcc

60 2181 80 2215 ’Ζ
107 2187 185 2226 qua‘
202 2180 245 2214 K
267 2180 397 2225 quibus
423 2179 495 2216 2121
602 2181 640 2215 et
664 2180 810 2225 quantis
836 2191 850 2215 ι
974 2191 1069 2214 nuno
1094 2190 1162 2225 ego
1187 2179 1238 2215 Bc
1357 2181 1435 2214 arte
1458 2181 1524 2215 tua
1547 2178 1592 2214 K

59 2244 124 2275 tua
147 2238 220 2275 (ΗΑ
243 2241 308 2275 tua
333 2240 424 2274 arcis
454 2239 485 2274 O
508 2242 574 2274 tua
599 2239 688 2274 artis
711 2238 777 2283 B‚c
805 2238 929 2279 (arctis
953 2241 1045 2283 m2),
1068 2238 1116 2284 eft
1188 2239 1210 2273 9
1236 2238 1346 2284 figere
1370 2237 1590 2284 B,Oa.c.m2

58 2308 129 2334 non
153 2298 197 2333 K
223 2310 295 2333 non
325 2301 400 2334 tam
431 2298 478 2333 ad
509 2301 545 2341 (a
569 2298 619 2344 ef)
643 2300 680 2333 te
706 2300 776 2342 (me
801 2298 866 2343 Βι)
898 2298 951 2333 sic
980 2298 1106 2333 uenire
1130 2297 1261 2342 (ueniri
1285 2297 1446 2344 Bmssef)
1477 2308 1588 2344 quam

60 2368 128 2403 ego
160 2357 206 2393 ad
236 2359 274 2393 te
305 2358 358 2393 sic
387 2358 440 2393 ire
472 2358 519 2401 (si
549 2358 642 2392 scire
665 2358 700 2392 A
719 2369 760 2402 p.
787 2368 817 2393 c.
847 2357 955 2392 asciri
979 2367 995 2393 e
1021 2357 1129 2392 acciri
1159 2356 1191 2392 Ο
1219 2368 1292 2392 non
1318 2356 1406 2392 add
1430 2356 1591 2404 BOcefc}

60 2420 123 2452 cet.
142 2428 214 2451 non
234 2419 309 2451 tam
328 2419 366 2451 te
384 2417 436 2452 sic
455 2416 501 2451 ad
527 2427 583 2451 me
602 2417 726 2451 uenire
747 2427 852 2462 quam
875 2427 942 2462 ego
963 2416 1008 2451 ad
1026 2418 1065 2452 te
1084 2416 1136 2452 sic
1154 2416 1205 2452 ire
1224 2427 1296 2452 non
1313 2427 1339 2462 ς
1388 2415 1433 2452 10
1453 2418 1549 2452 esset
1569 2426 1589 2452 c

62 2476 103 2511 η
129 2475 219 2510 mihi
239 2474 364 2511 amoc
483 2475 556 2510 mei
579 2475 711 2511 amoris
735 2475 779 2511 K
863 2475 907 2510 12
931 2465 1092 2510 innixum
1117 2475 1163 2511 K
1182 2476 1312 2511 innexu
1338 2475 1375 2510 A
1461 2475 1504 2511 13
1528 2475 1585 2510 in-

60 2535 208 2580 opinata
226 2534 270 2570 K
337 2535 507 2570 nuntiata
523 2534 568 2570 K
582 2534 694 2570 fratre
711 2535 801 2570 mihi
822 2536 879 2570 est
896 2535 1065 2570 nuntiata
1083 2538 1146 2570 cet.
1204 2535 1248 2570 14
1265 2534 1446 2570 incertum
1461 2536 1553 2579 (pr.)
1572 2546 1589 2569 ι

61 2594 105 2630 15
130 2596 170 2629 et
187 2605 247 2639 pr.
274 2605 342 2629 om.
368 2595 404 2629 A
501 2605 540 2630 se
566 2594 610 2630 ab
637 2605 669 2630 a.
696 2594 776 2629 aud.
808 2594 855 2630 Oc
882 2594 926 2630 ab
953 2605 985 2629 a.
1018 2605 1056 2629 se
1088 2593 1170 2629 aud.
1196 2593 1230 2640 eff
1316 2594 1361 2630 16
1384 2604 1506 2629 rursus
1530 2593 1585 2629 Ac

60 2664 234 2700 suspensa
266 2655 352 2689 uota
381 2654 418 2689 A
448 2653 500 2700 (at
530 2654 601 2699 leqi
629 2654 767 2699 neqwit)
935 2655 1159 2699 nutanteque
1188 2653 1232 2688 K
1266 2655 1418 2689 nutante
1447 2652 1587 2699 BOcefc

61 2713 105 2748 17
130 2713 242 2759 mom]
268 2713 324 2748 dei
350 2713 505 2749 famulus
532 2712 603 2749 21⁴1
720 2713 812 2749 conf.
840 2724 907 2751 om.
933 2713 977 2748 K
1064 2713 1108 2748 18
1133 2713 1265 2759 plebis]
1292 2713 1378 2748 add.
1402 2713 1475 2748 iam
1499 2711 1587 2758 Befc

60 2771 146 2807 odd.
172 2773 244 2807 iam
270 2772 404 2808 dudum
434 2773 480 2809 Oc
579 2772 807 2809 manifestius
825 2772 870 2808 K
941 2773 984 2808 19
1011 2772 1148 2818 auctor]
1174 2774 1211 2808 et
1234 2773 1376 2808 auctius
1394 2771 1438 2806 K
1528 2771 1584 2806 in-

58 2832 222 2877 pulserat
246 2830 318 2868 ςΣῙΑ
