1884 3254
102 1007 139 1036 10

102 1363 138 1392 15

100 1718 137 1746 20

653 227 857 273 Epistula
882 227 1031 263 XXXVI
1058 228 1197 263 16—17
1602 233 1687 274 285

165 355 419 409 passionis
450 356 609 410 patris
641 356 737 398 mei
764 358 811 398 et
837 356 1061 398 occidam
1092 357 1254 408 Iacob,
1288 357 1492 400 fratrem
1518 372 1687 402 meum.

166 426 358 469 diabolus
384 426 622 468 fratricidae
640 426 768 469 Iudae
796 439 843 469 os
867 427 909 468 in
931 426 1030 469 Cain
1058 429 1152 469 ante
1177 428 1483 482 praemeditans
1510 429 1549 471 in
1577 430 1689 472 Esau

164 496 508 539 manifestissime
547 496 770 539 confitetur
805 499 976 551 tempus
1016 511 1182 552 quoque
1215 498 1520 542 interfectionis
1554 502 1690 542 osten-

166 567 285 610 dens:
318 567 733 622 adpropinquent,
765 568 917 622 inquit,
951 569 1057 611 dies
1096 569 1365 624 passionis,
1405 572 1460 612 ut
1496 570 1689 613 interfi-

166 639 290 681 ciam
321 638 525 681 fratrem
563 652 734 682 meum.
768 642 1022 694 quapropter
1051 640 1254 694 Rebecca,
1286 641 1331 683 id
1369 643 1434 684 est
1469 642 1688 695 patientia,

162 709 378 751 nuntiauit
408 709 500 751 uiro
532 709 672 752 fratris
705 710 894 761 insidias,
931 711 1002 765 qui
1040 713 1192 754 uocato
1224 711 1351 754 Iacob
1392 713 1607 766 praecepit
1638 712 1689 764 ei,

163 782 212 822 ut
236 780 588 834 Mesopotamiam
614 783 806 836 pergeret
838 784 881 823 et
910 781 1007 823 inde
1033 782 1242 836 acciperet
1267 795 1438 825 uxorem
1465 783 1515 825 de
1542 796 1691 838 genere

161 851 300 893 Laban
336 850 443 905 Syri,
476 851 615 893 fratris
647 852 794 894 matris
833 865 947 895 suae.
983 853 1189 907 quomodo
1221 853 1364 907 itaque
1396 854 1537 896 fratris
1571 854 1689 897 dolos

161 921 329 976 fugiens
372 921 726 976 Mesopotamiam
763 923 901 965 tendit
938 923 1077 975 Iacob,
1109 924 1169 965 ita
1207 926 1249 967 et
1293 924 1485 967 Christus
1518 925 1691 967 Iudaeo-

161 1006 254 1036 rum
300 993 594 1036 incredulitate
640 994 869 1049 conpulsus
913 994 1195 1049 proficiscitur
1236 995 1278 1036 in
1320 994 1551 1038 Galilaeam
1595 995 1692 1038 inde

163 1063 245 1106 sibi
284 1076 331 1105 ex
368 1063 565 1119 gentibus
604 1077 800 1119 sponsam
846 1067 1095 1120 sumpturus
1129 1065 1394 1108 ecclesiam‘’.
1431 1066 1534 1108 haec
1566 1079 1694 1122 supra

162 1134 302 1176 dictus
334 1135 409 1177 uir.
1051 1133 1058 1142 ⁸

224 1206 290 1247 17.
322 1205 410 1248 Nos
444 1207 586 1248 autem
618 1206 797 1249 dicimus
829 1219 910 1249 non
942 1207 1110 1249 uenisse
1143 1207 1359 1249 dominum
1391 1207 1471 1249 nisi
1505 1207 1556 1249 ad
1590 1220 1691 1250 oues

161 1277 346 1331 perditas
387 1277 536 1320 domus
573 1278 736 1320 Israhel
774 1290 850 1320 nec
882 1278 1073 1320 uoluisse
1103 1291 1252 1332 panem
1288 1278 1476 1333 accipere
1508 1278 1693 1321 filiorum

164 1349 205 1390 et
237 1348 333 1390 dare
366 1360 461 1390 eum
495 1348 668 1391 canibus
701 1350 743 1391 et
773 1348 1106 1391 benedictionem
1138 1349 1315 1402 primam
1343 1349 1595 1391 Iudaeorum
1619 1362 1693 1403 po-

160 1419 261 1474 pulo
296 1419 513 1472 detulisse,
542 1419 696 1473 quibus
730 1421 830 1462 sunt
861 1419 1020 1461 credita
1052 1419 1218 1473 eloquia
1249 1420 1315 1461 dei
1349 1421 1391 1461 et
1421 1419 1691 1473 repromissio

162 1493 204 1533 et
234 1490 343 1545 legis
371 1491 483 1533 datio
511 1493 553 1532 et
585 1490 790 1533 confectio
822 1491 1086 1541 testamenti3
1119 1503 1267 1533 uerum
1302 1490 1399 1545 quia
1430 1491 1494 1533 illi
1527 1491 1693 1533 credere

159 1561 396 1614 noluerunt,
442 1562 494 1604 ad
530 1562 670 1613 Iacob,
714 1562 915 1604 minorem
961 1563 1180 1617 populum,
1219 1561 1554 1604 benedictionem
1599 1574 1693 1604 esse

159 1633 418 1675 translatam.
467 1646 601 1687 neque
644 1634 784 1675 tamen
830 1633 1030 1675 maiorem
1069 1633 1203 1674 filium
1243 1633 1412 1687 penitus
1450 1632 1584 1675 fuisse
1625 1632 1693 1674 de-

164 1705 370 1757 spectum,
422 1704 532 1757 quia,
585 1716 682 1745 cum
732 1703 1037 1746 subintrauerit
1077 1703 1296 1757 plenitudo
1342 1703 1545 1758 gentium,
1591 1705 1692 1746 tunc

164 1775 298 1817 omnis
331 1775 493 1816 Israhel
525 1775 670 1817 saluus
704 1775 796 1816 erit.

278 1938 300 1971 4
326 1935 436 1971 *Gen.
463 1937 521 1980 27,
545 1936 589 1972 41
714 1936 735 1971 5
761 1935 804 1973 cf.
833 1935 921 1981 Gen.
947 1936 1004 1980 27,
1029 1935 1183 1980 42—28,
1211 1937 1232 1971 2
1348 1936 1369 1971 8
1397 1935 1440 1971 cf.
1469 1935 1555 1971 Gen.
1584 1936 1640 1977 28,
1667 1937 1690 1972 5

137 1996 180 2032 '9
220 1997 264 2031 ef.
302 1991 433 2031 Matth.
471 1996 505 2038 4,
546 1996 590 2031 12
630 1997 697 2034 etc,
833 1995 876 2031 13
909 1995 952 2030 cf.
984 1995 1116 2030 Matth.
1151 1994 1206 2040 15,
1239 1995 1296 2030 24.
1332 1995 1387 2040 10,
1420 1995 1441 2031 6
1565 1995 1610 2031 14
1646 1995 1689 2032 cf.

159 2055 291 2090 Matth.
321 2055 376 2099 15,
402 2055 447 2090 26
474 2056 541 2090 etc.
617 2055 661 2090 16
689 2054 732 2090 cf.
757 2054 860 2089 Rom.
887 2055 920 2099 3,
946 2055 967 2088 2
1038 2054 1080 2089 17
1108 2053 1152 2089 cf.
1173 2053 1274 2090 Rom.
1295 2054 1327 2097 9,
1347 2055 1370 2088 4
1443 2053 1488 2090 20
1514 2054 1558 2090 cf.
1587 2054 1690 2090 Rom.

162 2115 216 2156 11,
244 2115 387 2150 25—26

209 2233 226 2267 1
255 2233 364 2277 pass]
392 2231 519 2266 mortis
543 2232 577 2266 Ω
697 2231 718 2266 2
744 2230 950 2266 fratricidas
977 2230 1080 2266 codd.
1100 2234 1252 2275 praeter
1278 2236 1336 2275 mq
1457 2229 1563 2265 iudae
1591 2241 1629 2265 os
1656 2236 1689 2267 m

160 2291 310 2326 iudaeus
337 2301 357 2336 q
383 2290 531 2325 iudaeos
557 2293 619 2326 cet.
717 2289 820 2335 Cain]
842 2289 923 2333 del„
948 2299 976 2324 s.
1005 2289 1028 2324 l.
1053 2291 1116 2323 m2
1141 2291 1254 2323 morte
1279 2288 1339 2334 xpi
1358 2287 1394 2322 A
1490 2287 1690 2334 praemedi-

160 2352 280 2385 tantes
305 2349 340 2384 A
436 2349 473 2384 in
500 2360 568 2384 om.
594 2348 670 2384 AD
754 2349 774 2383 3
801 2347 990 2383 manifeste
1016 2348 1049 2382 Ω
1146 2347 1307 2395 ostendit
1330 2347 1370 2382 D
1447 2347 1468 2381 4
1496 2345 1689 2392 adpropin-

162 2412 274 2455 quant
299 2409 467 2454 Ap.c.m2
493 2407 783 2454 adpropinqucns
808 2407 848 2442 D
873 2407 1165 2453 appropinquent
1184 2417 1205 2451 q
1313 2417 1409 2457 pass.
1435 2406 1549 2452 patris
1574 2406 1691 2440 meiss

160 2481 256 2515 pass.
280 2469 394 2514 patris
418 2480 444 2514 ς
532 2470 552 2503 5
579 2468 805 2513 paenitentia
829 2467 917 2511 A,D
943 2468 1056 2512 (poe-)
1131 2467 1152 2502 6
1180 2467 1241 2512 qui
1267 2477 1334 2501 om.
1359 2466 1393 2500 Ω
1488 2465 1615 2500 iachob
1641 2465 1689 2509 B,

162 2540 228 2564 om.
257 2534 313 2573 mq
407 2529 426 2564 7
452 2527 489 2562 in
516 2538 650 2573 mesop.
675 2538 700 2572 g
808 2528 845 2561 et
869 2537 936 2562 om.
962 2527 996 2561 Ω
1092 2527 1279 2571 acceperet
1305 2531 1337 2561 tn
1430 2525 1451 2560 8
1476 2524 1559 2559 laba
1586 2530 1687 2560 mmo.

160 2588 268 2622 lauan
293 2587 332 2622 D
452 2587 590 2632 itaque]
618 2586 731 2631 igitur
756 2586 790 2620 Ω
909 2585 1029 2620 dolum
1054 2585 1088 2620 Ω
1179 2585 1200 2620 9
1226 2584 1356 2628 tendit]
1382 2583 1400 2618 1
1423 2582 1543 2618 tendit
1569 2583 1689 2628 pergit

162 2647 298 2692 (pergit
324 2648 417 2692 exp.)
444 2646 481 2681 B
540 2645 579 2680 11
609 2646 775 2690 sumptur
800 2645 965 2680 eclesiam
994 2650 1026 2680 m
1085 2644 1128 2678 13
1155 2643 1306 2679 dicimus
1333 2653 1400 2677 om.
1426 2642 1462 2676 A
1514 2642 1555 2676 14
1581 2641 1688 2676 israel

164 2705 258 2751 qu
355 2705 403 2742 fil.
425 2716 496 2740 acc.
516 2716 540 2750 g
615 2705 657 2739 15
683 2715 764 2750 pop.
785 2703 858 2741 iud.
879 2704 912 2738 Ω
1007 2703 1179 2749 populum
1201 2709 1233 2738 m
1311 2702 1352 2736 17
1372 2700 1554 2745 legislatio
1575 2699 1689 2734 ADB

165 2764 340 2798 confessio
365 2764 623 2808 AD,Ba.c.m2
765 2763 821 2798 illi
846 2773 913 2800 om.
941 2773 961 2807 q
1108 2762 1151 2796 19
1178 2761 1304 2805 fuisse]
1333 2771 1408 2794 esse
1434 2759 1492 2794 uel
1517 2758 1627 2793 fuisse
1652 2758 1688 2793 B

164 2823 210 2858 20
235 2823 427 2858 intrauerit
451 2824 484 2857 Ω
555 2823 599 2857 21
628 2821 735 2857 israel
762 2822 858 2868 qu
955 2822 1037 2866 erit]
1064 2820 1149 2855 add.
1178 2831 1279 2854 amen
1308 2820 1376 2855 ωΩ
