1884 3254
623 253 832 299 Epistula
854 253 919 288 XV
943 254 1038 289 4—5
1538 259 1595 300 67

23 383 26 388 ’
66 384 296 438 metantur,
328 395 409 424 nou
443 382 609 433 damno,
635 382 748 437 quod
772 382 974 432 1·etinent;
1003 382 1039 424 si
1065 382 1126 424 sic
1154 382 1291 436 credo,
1318 385 1367 425 ut
1390 384 1475 438 ipsi
1502 397 1594 426 sen·

64 453 144 496 tire
183 466 228 495 se
266 453 761 507 simulant,‘permittant
797 453 902 495 mihi
939 453 1046 495 meis
1083 453 1224 496 uerbis
1264 466 1388 496 suum
1422 467 1594 497 sensum

63 524 195 578 loqui.

123 597 164 637 5.
198 594 333 648 Quam
355 595 407 636 ob
427 607 515 637 rem
543 594 733 637 obtestor
758 595 1063 638 beatitudinem
1089 598 1207 638 tuam
1233 608 1307 651 per
1332 596 1594 648 crucifixum,

64 665 210 708 mundi
248 666 443 717 salutem,
474 678 548 720 per
585 665 852 708 homousiam
889 666 1136 719 trinitatem,
1170 669 1218 709 ut
1254 667 1359 710 mihi
1391 667 1594 722 epistulis

59 737 147 780 tuis
180 736 272 780 siue
303 736 575 780 tacendarum
609 737 700 779 siue
735 737 1003 780 dicendarum
1034 739 1317 792 hypostaseon
1344 738 1466 781 detur
1489 751 1588 782 auc·

17 849 23 854 ,
59 808 222 850 toritas.
254 810 297 850 et
326 820 377 850 ne
410 808 517 850 forte
546 807 800 859 obscuritas,
826 808 869 850 in
902 820 983 862 quo
1017 808 1138 864 dego,
1164 809 1248 851 loci
1272 808 1392 851 fallat
1421 808 1591 852 baiulos

56 879 309 929 litterarum,
337 877 389 919 ad
414 878 647 933 Euagrium
678 878 984 936 presbyterum,
1018 891 1143 932 quem
1177 879 1335 933 optime
1366 879 1492 930 nosti,
1526 879 1585 921 di-

58 960 185 1004 gnare
217 949 375 1003 scripta
405 948 703 990 transmittere.
738 948 866 991 simul
898 948 1041 999 etiam,
1074 949 1143 991 cui
1175 948 1286 1003 apud
1315 948 1586 991 Antiochiam
1626 954 1649 989 2

58 1018 231 1062 debeam
259 1018 582 1068 communicare,
613 1018 841 1074 significes,
869 1019 967 1073 quia
993 1018 1263 1072 Campenses‚
1291 1031 1387 1061 cum
1412 1019 1588 1062 Tarsen-

57 1089 177 1133 sibus
208 1089 406 1132 hereticis
439 1089 705 1144 copulantur,
739 1089 846 1132 nihil
878 1090 993 1132 aliud
1025 1090 1232 1140 ambiunt,
1266 1102 1392 1144 quam
1417 1091 1467 1133 ut
1491 1102 1589 1132 auc-

22 1215 24 1217 ·
55 1161 228 1204 toritate
254 1159 562 1203 communionis
589 1162 759 1202 uestrae
787 1160 885 1203 fulti
910 1162 996 1203 tres
1016 1161 1270 1215 hypostases
1291 1173 1387 1203 cum
1413 1161 1586 1216 antiquo

18 1247 25 1275 J
57 1240 183 1274 sensu
216 1230 471 1286 praedicent.

105 1357 122 1391 1
151 1356 261 1402 quod]
289 1357 316 1391 s’
342 1357 478 1402 (uoluit
502 1356 546 1400 si)
572 1356 607 1391 L
703 1356 735 1391 si
761 1357 824 1402 sic]
851 1356 914 1391 sed
940 1357 970 1391 si
997 1368 1015 1391 c
1040 1356 1104 1392 sed
1129 1357 1180 1392 sic
1206 1357 1227 1392 b
1307 1358 1328 1392 2
1355 1358 1544 1403 permittat
1569 1371 1590 1394 c

11 1415 32 1441 Γ
57 1418 95 1451 et
118 1415 208 1451 mihi
231 1427 256 1460 g
374 1416 395 1451 3
423 1415 542 1461 eloqui
568 1416 609 1451 cb
698 1408 701 1409 ⁷
722 1417 746 1451 4
772 1415 992 1462 crucifixum]
1020 1416 1065 1451 ob
1094 1416 1179 1451 add.
1205 1417 1306 1452 Bm2
1330 1417 1532 1453 crucifixam
1558 1418 1590 1453 S

30 1477 77 1512 ⁷5
101 1475 318 1510 saluatorem
346 1486 364 1510 c
524 1474 739 1510 homousian
770 1473 836 1510 Wc
861 1474 1045 1510 omousian
1071 1485 1093 1510 ο
1117 1475 1341 1522 homousyan
1366 1475 1438 1512 DS
1458 1476 1585 1511 homo-

54 1534 159 1570 usion
182 1533 218 1568 L
243 1534 418 1569 omosiam
443 1534 464 1568 b
490 1533 552 1579 (cf.
570 1545 611 1579 p.
637 1536 690 1576 71,
715 1535 752 1579 7)
802 1534 823 1570 6
843 1545 905 1579 pr.
930 1545 995 1569 sen
1020 1534 1061 1570 cb
1135 1534 1213 1570 siue
1239 1534 1307 1570 dic.
1335 1545 1404 1571 om.
1425 1547 1444 1570 c
1517 1536 1582 1571 alt.

10 1615 30 1635 -Ᾰ
50 1604 117 1634 ,sen
146 1592 277 1628 WobB
371 1595 591 1639 ypostaseon
617 1591 772 1637 LDS,B
798 1592 831 1639 (e
858 1592 945 1628 add.
971 1595 1047 1635 m2)
1129 1593 1148 1627 7
1175 1593 1212 1628 in
1239 1604 1308 1638 quo
1335 1593 1428 1639 dego
1453 1593 1586 1639 (degeo

52 1651 106 1696 D)
130 1651 202 1687 loci
226 1653 285 1695 (ex
310 1650 381 1686 luci
407 1652 442 1695 o)
474 1650 583 1687 WDo
614 1652 650 1686 in
685 1663 754 1697 quo
787 1662 854 1697 ego
886 1651 959 1686 luci
986 1651 1006 1686 b
1038 1652 1076 1685 in
1109 1651 1204 1697 quod
1235 1662 1325 1697 egeo
1355 1651 1457 1697 loqui
1481 1651 1516 1686 L
1546 1653 1584 1687 in

53 1710 175 1746 codicu
208 1710 298 1746 locis
323 1710 360 1744 B
392 1709 486 1756 dego
513 1710 585 1745 loci
610 1710 640 1746 S
672 1721 739 1756 ego
772 1711 863 1745 lucis
889 1722 908 1746 c
931 1710 1003 1745 loci
1026 1710 1063 1745 in
1091 1721 1162 1756 quo
1189 1709 1281 1756 dego
1306 1722 1332 1755 g
1426 1710 1582 1757 baiu(o)-
1610 1750 1613 1754 ,

13 1779 17 1782 ’
50 1770 125 1806 lum
151 1769 190 1805 cb
263 1769 285 1804 8
312 1770 522 1814 euangrium
549 1769 602 1804 bS
673 1770 694 1805 9
719 1770 896 1816 rescripta.
921 1770 962 1805 cb
987 1769 1200 1815 scripturam
1226 1768 1258 1804 S
1338 1769 1436 1816 apud
1459 1780 1528 1806 om.
1555 1771 1587 1806 S

24 1824 26 1827 ’
53 1829 98 1865 10
123 1828 377 1864 communicari
405 1827 458 1863 W
550 1839 748 1873 canpenses
767 1829 802 1863 L
897 1828 1145 1864 tharsensibus
1169 1829 1207 1863 B
1299 1830 1340 1864 11
1368 1829 1584 1875 copulantur

53 1891 90 1924 et
107 1889 144 1923 B
169 1887 378 1934 copulantes
404 1888 456 1930 cb,
483 1898 551 1923 om.
578 1899 610 1933 o,
637 1888 798 1934 copulati
823 1899 848 1933 ς
925 1887 1025 1923 aliud
1051 1898 1119 1922 om.
1145 1898 1165 1923 c
1260 1888 1513 1924 auctoritatem
1541 1899 1581 1923 eo

53 1949 96 1983 12
120 1949 308 1994 ypostases
332 1946 370 1981 B
394 1947 572 1992 apostasis
603 1946 654 1982 W
674 1947 911 1993 (h)ypostasis
938 1950 999 1982 cet.
1082 1947 1126 1982 13
1152 1946 1378 1993 praedicent]
1407 1947 1494 1983 add.
1521 1959 1578 1983 ex-

51 2007 155 2054 plicit
179 2005 224 2041 ad
250 2016 379 2051 papam
407 2004 591 2041 damasum
617 2017 638 2041 ο

0 1871 25 2261 Ξ

0 2265 21 2402 Ξ

0 2384 23 2798 g
