1884 3254
262 303 348 344 406
798 298 950 333 Sancti
977 297 1232 341 Hieronymi

262 427 374 470 uersi
413 430 510 469 sunt
547 427 599 468 ad
637 438 816 467 errorem
855 426 899 466 et
937 423 1080 466 dicunt
1112 424 1258 475 stulto,
1298 426 1344 466 ut
1374 423 1569 479 princeps
1608 412 1778 476 6111611,

261 511 337 540 1166
367 498 640 540 contemnunt
669 508 735 537 res
766 496 920 546 fatuas,
954 506 1060 549 quae
1086 494 1283 536 dicuntur
1307 507 1331 536 a
1354 495 1487 547 fatuo,
1514 495 1626 538 sicut
1650 495 1786 550 scrip*

262 571 355 610 tura
391 571 593 610 testatur:
631 567 818 608 fatuus
866 568 1040 608 autem
1090 566 1241 608 fatua
1289 566 1549 620 loquitur,
1599 568 1651 609 et
1693 570 1786 608 cor'

263 639 378 680 eius
422 651 556 680 uana
598 636 903 692 intellegit!
943 635 1054 678 unde
1099 636 1271 693 obsecro
1314 638 1371 687 te,
1411 636 1701 688 dilectissime,
1739 637 1781 678 et

262 709 381 763 quasi
418 709 523 750 meis
562 708 762 750 membris
801 719 974 762 parcens
1011 708 1182 761 propter
1219 707 1450 758 caritatem,
1490 720 1615 761 quam
1652 707 1694 749 in
1738 708 1780 748 te
1824 719 1842 747 5

261 780 407 831 habeo,
433 791 580 834 precor
604 779 790 821 scribens
817 779 859 820 et
891 790 1026 829 orans,
1052 780 1102 819 ut
1125 777 1286 832 inpleas
1311 778 1432 829 illud,
1464 777 1576 832 quod
1609 777 1780 819 dicitur:

262 862 429 893 nonne
461 850 709 892 odientes
742 851 807 899 te,
835 848 1052 900 domine,
1078 848 1230 890 odini
1256 850 1308 890 et
1340 861 1502 902 super
1526 848 1781 890 inimicos

261 924 382 964 tuos
425 921 806 963 tabescebam?
849 919 1019 961 inimica
1058 921 1102 960 et
1133 919 1258 974 digna
1295 919 1390 961 odio
1424 917 1616 974 Origenis
1654 918 1783 960 uerba

260 994 360 1034 sunt
390 995 432 1034 et
464 991 539 1034 deo
572 990 849 1046 repugnantia
874 991 917 1032 et
943 989 1099 1031 sanctis
1126 989 1230 1040 61116,
1257 991 1299 1031 61
1330 1002 1410 1031 11011
1436 989 1519 1031 ista
1545 989 1648 1040 sola,
1677 977 1785 1042 quae

262 1062 357 1113 dixi,
390 1062 463 1104 sed
496 1064 538 1104 et
568 1062 652 1104 alia
681 1060 1022 1111 innumerabilia3
1054 1072 1190 1114 neque
1223 1059 1334 1102 enim
1364 1072 1473 1102 nunc
1499 1059 1604 1101 mihi
1633 1070 1783 1113 propo·
1810 1072 1844 1100 ιο

202 1143 223 1176 3
262 1133 391 1175 situm
424 1119 489 1175 661
519 1132 745 1175 aduersum
778 1131 918 1175 omnia
950 1131 1144 1187 Origenis
1183 1131 1382 1186 dogmata
1419 1131 1646 1186 disputare.
1677 1129 1787 1172 nihil

262 1204 366 1245 mihi
398 1204 610 1258 subripuit
636 1203 839 1258 Origenes
870 1215 945 1247 nec
971 1202 1013 1244 in
1049 1215 1144 1244 mea
1171 1201 1436 1257 generatione
1462 1202 1544 1243 fuit
1567 1214 1643 1243 nec
1667 1213 1788 1256 prop-

262 1277 325 1316 ter
361 1274 522 1329 aliquas
560 1287 626 1316 res
664 1273 812 1316 mundi
849 1275 891 1315 et
921 1273 1196 1315 hereditatem
1231 1272 1373 1314 odium
1406 1272 1631 1315 aduersum
1662 1272 1785 1314 illum

261 1357 508 1400 pugnasque
546 1344 728 1398 suscepi,
767 1344 848 1394 ,sed
885 1360 953 1374 —--·
979 1345 1029 1386 ut
1060 1342 1310 1396 simpliciter
1339 1342 1473 1385 fatear
1501 1367 1559 1372 —
1590 1342 1711 1384 doleo
1743 1344 1790 1384 et·

262 1416 385 1458 ualde
417 1416 538 1458 doleo
565 1415 714 1458 uidens
746 1413 951 1469 plurimos
983 1414 1160 1456 fratrum
1193 1415 1237 1455 et
1268 1426 1411 1456 eorum
1442 1413 1680 1468 praecipue,
1713 1412 1847 1467 qui15

261 1486 565 1540 professionem
614 1486 769 1528 habent
812 1498 892 1527 non
934 1485 1154 1527 minimam
1205 1486 1248 1526 et
1300 1484 1343 1526 in
1393 1484 1571 1539 gradum
1621 1496 1786 1538 quoque

264 1557 488 1600 sacerdotii
533 1556 762 1599 maximum
805 1557 1100 1610 peruenerunt,
1140 1555 1230 1597 eius
1268 1554 1542 1609 persuasione
1587 1554 1787 1611 deceptos

264 1631 307 1670 et
336 1629 654 1682 peruersissima
685 1628 877 1670 doctrina
906 1627 1023 1670 cibos
1062 1627 1197 1669 factos
1230 1638 1325 1669 esse
1358 1626 1532 1676 diaboli3
1560 1626 1600 1668 in
1635 1626 1787 1679 quibus

265 1700 504 1753 conpletum
531 1702 596 1741 est
619 1699 740 1750 illud,
769 1695 881 1752 quod
907 1697 1078 1740 dicitur:
1115 1710 1277 1752 super
1310 1709 1508 1739 omnem
1539 1696 1790 1739 munitio-

264 1782 375 1811 nem
394 1769 549 1812 ludet
574 1772 626 1812 et
651 1782 804 1812 escae
825 1769 942 1811 eius
964 1769 1177 1810 electae
1198 1770 1249 1810 et
1268 1768 1629 1823 congregabit
1648 1767 1788 1810 sicut
1812 1780 1849 1808 20

265 1842 513 1884 harenam
552 1840 953 1894 captiuitatem.
993 1841 1036 1881 te
1068 1840 1224 1888 autem,
1255 1838 1398 1890 frater,
1429 1838 1580 1880 liberet
1611 1838 1715 1880 deus
1747 1841 1789 1880 et
1859 1839 1863 1841 ’

265 1914 457 1955 sanctum
476 1912 680 1967 populum
701 1911 872 1961 Christi,
893 1910 965 1964 qui
982 1909 1063 1952 tibi
1088 1908 1271 1951 creditus
1294 1911 1372 1959 est,
1394 1910 1436 1951 et
1454 1921 1597 1951 omnes
1622 1909 1788 1958 fratres,

265 1983 337 2037 qui
361 1986 500 2025 tecum
521 1987 633 2034 sunt,
661 1984 703 2024 et
727 1981 904 2023 maxi-me
923 1980 1120 2023 Rufinum
1147 1980 1436 2035 presbyterum
1465 1980 1517 2022 ab
1542 1979 1680 2022 heresi
1700 1979 1790 2022 Ori-

265 2054 383 2109 genis
398 2056 440 2095 et
453 2053 547 2095 aliis
566 2053 785 2095 heresibus
807 2054 849 2094 et
867 2051 1100 2107 perditione
1122 2063 1277 2093 earum.
1293 2050 1329 2093 si
1343 2051 1451 2092 enim
1471 2052 1640 2105 propter
1658 2063 1787 2093 unum
1881 2102 1884 2110 ¹

265 2125 440 2167 uerbum
485 2126 558 2166 aut
602 2123 698 2176 duo,
737 2136 841 2177 quae
886 2121 1093 2165 contraria
1134 2121 1232 2164 fidei
1270 2123 1382 2173 sunt,
1420 2121 1579 2164 multae
1618 2122 1786 2164 hereses
1810 2134 1846 2162 25
1879 2117 1884 2163 ἔ

266 2195 453 2238 abiectae
492 2197 591 2237 sunt
628 2195 678 2236 ab
717 2193 910 2243 ecelesia,
952 2194 1106 2247 quanto
1144 2194 1280 2248 magis
1318 2192 1389 2235 hic
1426 2193 1535 2234 inter
1576 2192 1786 2235 hereticos

266 2265 501 2317 habebitur,
524 2266 595 2319 qui
613 2266 751 2307 tantas
778 2264 1077 2319 peruersitates
1105 2265 1147 2305 et
1171 2265 1258 2305 tam
1285 2263 1396 2304 mala
1421 2262 1620 2317 dogmata
1646 2264 1788 2305 contra

388 2347 405 2381 1
434 2347 476 2381 cf.
502 2347 599 2381 Esai.
628 2348 684 2390 32,
711 2347 732 2381 5
825 2347 846 2380 3
872 2345 991 2381 *Esai.
1018 2346 1074 2390 32,
1102 2345 1123 2380 6
1215 2346 1235 2379 7
1262 2345 1343 2379 *Ps.
1371 2345 1450 2388 138,
1476 2343 1519 2378 21
1601 2345 1647 2379 19
1671 2343 1786 2379 *Hab.

270 2406 301 2448 1,
330 2405 385 2440 10.
415 2406 469 2440 16.
496 2407 517 2440 9

317 2476 333 2510 1
363 2477 400 2510 61
423 2486 491 2510 om.
510 2475 547 2509 D
643 2487 727 2510 suus
752 2476 916 2512 Ba.c.m2
988 2476 1010 2510 2
1037 2476 1293 2521 contempnunt
1319 2474 1421 2510 codd.
1518 2475 1588 2520 res]
1616 2429 1680 2510 166.
1698 2475 1729 2509 si
1747 2473 1787 2509 D

267 2534 426 2569 fatuatas
451 2545 475 2579 g
571 2534 592 2568 3
618 2535 800 2569 testantur
825 2536 862 2577 (n
889 2534 996 2579 eras.)
1022 2535 1058 2569 A
1166 2535 1203 2569 et
1228 2533 1300 2579 cor]
1326 2533 1423 2569 iecor
1447 2533 1485 2568 D
1580 2533 1604 2568 4
1628 2544 1723 2568 uana
1746 2533 1784 2568 iv

266 2603 340 2627 ras.
366 2595 426 2627 m2
448 2593 484 2627 Β
605 2593 625 2627 5
652 2593 819 2628 membris
844 2593 932 2628 meis
957 2593 993 2628 B
1113 2593 1133 2628 7
1161 2592 1318 2637 domine]
1346 2593 1369 2626 <1
1394 2592 1424 2627 S
1529 2593 1550 2627 8
1574 2591 1725 2637 indigna
1747 2592 1788 2626 1)

268 2653 289 2686 9
316 2652 430 2686 sancti
454 2651 494 2686 D
592 2651 632 2686 11
661 2651 833 2686 aduersus
859 2652 894 2685 B
998 2653 1041 2686 12
1068 2652 1224 2697 origenis
1250 2651 1454 2687 Aa.c.m2D
1552 2652 1594 2686 13
1622 2650 1706 2686 odia
1731 2652 1788 2697 (ex

268 2710 369 2745 odini
393 2711 464 2754 m2)
489 2711 524 2745 A
644 2709 814 2745 aduersus
838 2710 908 2746 ΒΕ
1027 2712 1068 2746 17
1095 2711 1385 2757 persuasionibus
1409 2722 1434 2756 g
1553 2709 1724 2756 deceptus
1747 2709 1788 2745 D

271 2769 313 2803 18
335 2769 433 2804 cibus
452 2769 570 2805 factus
589 2769 628 2803 D
731 2770 775 2804 20
793 2769 896 2804 ludet
921 2774 955 2804 et
980 2770 1214 2816 congregabit
1231 2770 1361 2815 scripsi
1379 2770 1474 2805 ludit
1492 2774 1526 2805 et
1552 2768 1786 2815 congregauit

270 2827 372 2864 codd.
422 2828 465 2862 21
488 2838 633 2863 arenam
652 2826 687 2862 A
713 2838 830 2863 aream
851 2828 886 2862 B
912 2839 993 2863 area
1010 2829 1039 2863 S
1085 2828 1130 2863 23
1156 2829 1324 2863 ruffinum
1341 2840 1367 2873 ς
1437 2828 1481 2864 ab
1503 2828 1557 2864 bis
1577 2828 1611 2862 A
1682 2827 1785 2862 here-

271 2887 338 2920 sim
363 2886 507 2922 Aa.c.D
554 2887 599 2921 24
625 2886 668 2922 ab
696 2886 775 2922 aliis
795 2887 830 2921 Β
878 2888 922 2922 27
948 2887 1151 2922 habebatur
1169 2889 1229 2924 Aa
1246 2888 1373 2923 c.m2D
1443 2888 1533 2933 tam]
1559 2889 1663 2923 tanta
1685 2887 1784 2922 Bam.
