1884 3254
215 330 298 371 612
758 326 909 361 Sancti
934 325 1187 370 Hieronymi

213 460 262 500 ut
292 457 427 512 possit
455 457 662 498 instruere
693 454 812 504 alios,
850 453 960 508 quod
993 454 1133 495 mente
1164 453 1366 508 concepit.
1404 453 1476 495 ubi
1507 458 1619 507 sunt,
1657 455 1728 509 qui

211 527 490 570 innocentiam
522 525 751 568 sacerdotis
784 525 931 566 dicunt
955 536 1079 577 posse
1105 515 1325 566 sufficere?
1357 525 1481 566 uetus
1506 524 1572 566 lex
1597 537 1730 567 nouae

214 598 425 653 congruit:
469 596 512 638 id
554 596 694 649 ipsum
732 595 916 649 Moyses,
962 593 1074 648 quod
1118 593 1350 648 apostolus.
1394 594 1466 636 ille
1502 594 1730 638 sacerdotis

214 667 431 709 scientiam
462 668 582 709 ornat
610 666 652 707 in
678 665 884 716 uestibus,
918 664 1000 706 iste
1025 663 1292 707 Timotheum
1319 665 1362 706 et
1385 664 1529 706 Titum
1559 664 1732 707 instruit

154 740 171 769 ἴ
213 737 459 792 disciplinis,
496 736 580 788 sed
608 738 650 778 et
680 735 771 790 ipse
802 724 1153 778 uestimentoru'm
1186 734 1285 777 ordo
1317 734 1582 789 praecipuus.
1618 735 1732 790 lega·
1772 749 1789 778 ⁵

212 821 306 850 mus
338 807 593 850 Leuiticum:
632 819 713 849 non
745 806 861 861 prius
892 806 1094 848 rationale
1126 807 1168 847 et
1199 806 1262 848 sic
1299 806 1624 859 superumerale,
1657 805 1731 848 sed

213 881 307 921 ante
339 878 651 931 superumerale
684 879 727 919 et
752 877 948 931 deinceps
974 876 1191 918 rationale.
1219 889 1242 917 a
1267 876 1548 927 mandatis,
1578 876 1731 930 inquit,

212 949 324 991 tuis
367 948 638 991 intellexi:
677 947 793 1003 prius
831 947 1025 998 facimus,
1064 946 1127 989 sic
1165 946 1380 997 docemus,
1424 959 1476 988 ne
1519 946 1731 989 doctrinae

213 1019 442 1062 auctoritas
467 1019 600 1061 cassis
627 1018 820 1073 operibus
848 1018 1101 1060 destruatur.
1125 1017 1204 1059 hoc
1231 1019 1309 1068 est,
1338 1017 1448 1071 quod
1467 1018 1507 1059 in
1528 1017 1733 1072 propheta

212 1090 411 1144 legimus:
451 1089 713 1131 seminate
750 1088 909 1131 uobis
946 1088 1257 1130 iniustitia
1289 1089 1339 1130 et
1370 1087 1559 1130 metite
1589 1087 1790 1131 fruc-'10
1862 1143 1865 1146 ⁴

212 1163 319 1201 tum
357 1160 524 1209 uitae;
564 1159 888 1201 inluminate
925 1159 1084 1202 uobis
1114 1159 1292 1202 lumen
1325 1159 1609 1202 scientiae.
1647 1158 1732 1214 pri-

211 1243 327 1272 mum
359 1230 561 1272 seminate
592 1231 632 1272 in
665 1230 831 1272 iustitia
862 1233 904 1272 et
934 1231 1097 1273 fructus
1130 1231 1243 1272 uitae
1275 1233 1465 1273 aeternae
1495 1230 1657 1282 metite,
1690 1232 1733 1272 et

210 1303 357 1354 postea
387 1301 509 1343 uobis
536 1301 754 1343 scientiam
779 1301 1002 1344 uindicate.
1037 1314 1113 1343 nec
1139 1302 1283 1343 statim
1311 1301 1507 1343 absoluta
1530 1301 1730 1355 perfectio

213 1374 289 1421 est,
330 1371 366 1413 si
401 1371 496 1425 quis
534 1372 845 1426 superumerale
883 1374 935 1413 et·
955 1372 1154 1414 rationale
1191 1372 1356 1422 habeat,
1394 1371 1475 1413 nisi
1506 1371 1608 1413 haec
1638 1371 1732 1426 ipsa

211 1442 319 1483 inter
358 1455 402 1484 se
440 1443 539 1484 forti
577 1455 761 1497 conpage
799 1443 1033 1485 solidentur
1071 1445 1112 1484 et
1155 1443 1235 1484 sibi
1272 1442 1456 1484 inuicem
1493 1454 1597 1484 nexa
1633 1442 1730 1492 sint,
1756 1457 1791 1485 15

213 1515 260 1553 ut
291 1515 334 1554 et
365 1525 490 1567 opera
518 1513 670 1555 rationi
702 1515 744 1554 et
774 1513 881 1555 ratio
909 1513 1103 1567 operibus
1129 1513 1298 1555 haereat
1323 1515 1365 1554 et
1390 1513 1456 1554 his
1482 1512 1731 1567 praeceden-
1850 1509 1851 1512 ’

210 1584 325 1626 tibus
358 1583 545 1626 doctrina
576 1586 777 1638 sequatur
807 1586 850 1626 et
879 1585 1048 1626 ueritas.

270 1655 339 1696 21.
379 1653 587 1706 Quattuor
623 1654 854 1704 elementa,¹
880 1654 930 1696 de
969 1655 1121 1708 quibus
1161 1668 1288 1708 supra
1319 1654 1513 1707 diximus,
1551 1651 1598 1696 et¹
1624 1653 1730 1696 duos

209 1725 369 1778 lapides
407 1725 476 1767 uel
513 1726 738 1779 onychinos
777 1727 846 1767 uel
877 1725 1166 1780 zmaragdinos
1199 1727 1242 1766 et
1272 1737 1460 1779 gemmas
1493 1724 1729 1776 duodecim,

210 1807 317 1849 quae
353 1798 565 1848 ponuntur
594 1796 635 1837 in
668 1796 874 1846 rationali,
914 1796 950 1838 si
982 1798 1096 1838 esset
1130 1799 1316 1850 tempus,
1357 1793 1436 1852 [ut]
1476 1795 1727 1838 discuterem
1752 1809 1788 1838 so

210 1866 554 1920 singulorumque
580 1869 750 1909 naturas
778 1869 820 1908 et
845 1879 992 1909 causas
1018 1867 1096 1908 tibi
1123 1879 1368 1921 exponerem
1394 1869 1450 1918 et,
1478 1866 1577 1920 quid
1603 1878 1729 1908 unus-

327 2075 348 2108 6
375 2073 418 2109 cf.
444 2073 531 2108 Leu.
558 2073 591 2117 8,
618 2074 710 2108 7—8
783 2074 803 2108 7
830 2074 889 2109 Ps.
918 2074 996 2115 118,
1027 2074 1095 2110 104
1169 2074 1213 2110 10
1240 2073 1324 2109 *0s.
1354 2074 1409 2119 10,
1436 2073 1480 2108 12

259 2200 276 2234 1
303 2200 401 2235 aliud
429 2202 462 2235 Φ
534 2212 622 2246 quos
647 2200 754 2236 Ka.c.
782 2212 849 2246 que
874 2202 911 2236 B
983 2202 1048 2237 alt.
1069 2201 1164 2247 quod
1191 2203 1225 2236 Φ
1273 2203 1295 2236 2
1320 2201 1523 2237 nocentiam
1548 2201 1589 2236 D
1660 2201 1730 2236 dic.

208 2271 279 2294 sac.
307 2260 345 2294 Π
437 2260 615 2295 sacerdoti
638 2271 663 2305 ς
703 2267 717 2281 ·
735 2261 755 2295 3
781 2271 899 2296 moses
924 2260 1002 2296 HR
1074 2262 1098 2296 4
1121 2261 1293 2297 thimoth.
1319 2261 1363 2295 H
1383 2261 1502 2296 timot.
1527 2261 1564 2295 B
1631 2261 1652 2295 5
1676 2261 1728 2296 le-

211 2318 326 2362 gimus
356 2319 388 2352 Φ
471 2321 491 2354 6
517 2319 651 2364 primus
676 2319 720 2354 K
741 2319 838 2364 prius
866 2331 886 2354 a
911 2319 947 2354 B
1004 2319 1006 2321 ’
1049 2320 1255 2365 superbum.
1283 2320 1394 2354 ΗΠΒ
1479 2321 1499 2354 7
1526 2319 1729 2365 superbum.

212 2377 321 2411 HDB
418 2377 601 2423 deinceps]
628 2378 680 2412 sic
705 2378 744 2413 D
851 2379 924 2424 inq.
950 2379 1024 2413 tuis
1048 2379 1127 2414 ΚΦ
1149 2379 1223 2416 tuis
1249 2379 1322 2424 inq.
1350 2383 1413 2414 cet.
1511 2379 1532 2413 8
1557 2379 1730 2414 faciamus

209 2438 247 2470 et
273 2436 385 2470 HDB
493 2436 682 2471 doceamus
710 2437 822 2472 IIDB
928 2449 994 2473 nec
1020 2438 1098 2473 ΚΦ
1193 2439 1215 2473 9
1241 2438 1399 2473 auctoris
1429 2439 1461 2473 Φ
1564 2438 1666 2474 >casis
1689 2438 1736 2472 H

213 2495 252 2528 11
280 2495 395 2529 lucem
422 2495 464 2529 K
548 2496 590 2529 12
616 2495 771 2531 fructum
799 2497 909 2531 IIDB
1018 2498 1082 2533 alt.
1110 2500 1147 2532 et
1171 2508 1238 2533 om.
1267 2497 1342 2532 HD
1427 2498 1471 2533 13
1496 2497 1670 2532 scientiae
1699 2498 1731 2531 Φ

212 2553 256 2587 14
281 2554 482 2598 superbum.
509 2554 657 2589 RIIDB
682 2555 838 2590 umerale
868 2557 900 2590 Φ
1020 2559 1057 2591 et
1081 2567 1148 2592 om.
1175 2556 1219 2591 K
1324 2557 1369 2591 15
1395 2556 1548 2601 conpagi
1577 2557 1610 2590 Φ
1634 2567 1730 2592 com-

209 2612 340 2656 pagine
366 2612 478 2647 IIDB
599 2624 731 2648 conexa
754 2613 1017 2659 KQDpaemoe
1138 2616 1180 2650 16
1207 2615 1409 2660 operationi
1437 2617 1473 2650 et
1497 2614 1628 2650 rationi
1654 2614 1731 2649 ΠΙ)

208 2671 411 2715 operationi
442 2672 485 2705 H
513 2672 672 2717 operatio
703 2673 837 2708 rationi
867 2685 891 2718 g
1046 2675 1083 2709 et
1112 2674 1205 2709 ratio
1231 2685 1300 2709 om.
1327 2674 1403 2709 HD
1550 2674 1607 2708 his
1633 2676 1671 2709 et
1699 2674 1731 2708 Φ

211 2729 255 2762 18
281 2731 317 2764 et
342 2741 448 2775 supra
472 2730 515 2764 K
627 2732 670 2765 19
696 2732 900 2778 onychynos
929 2734 962 2767 Φ
986 2733 1172 2781 onichinos
1198 2733 1314 2775 Imm
1339 2734 1416 2777 m2)
1442 2732 1477 2766 B
1501 2732 1664 2768 unicinos
1689 2732 1735 2781 1(

207 2788 274 2823 alt.
301 2788 359 2822 uel
385 2798 450 2822 om.
483 2790 514 2822 Φ
680 2790 835 2835 zrnargd.
870 2790 914 2825 H
941 2790 1096 2826 maracd.
1122 2791 1159 2826 B
1189 2791 1366 2836 smaragd.
1392 2791 1474 2826 ΚΠ
1617 2791 1664 2826 20
1688 2793 1730 2826 ut

207 2846 340 2880 seclusi
483 2847 524 2881 ‘21
560 2847 852 2894 singularumque
884 2849 927 2884 K
1074 2861 1142 2895 que
1174 2860 1266 2885 erae.
1298 2849 1333 2884 Β
1365 2860 1456 2895 quae
1488 2849 1576 2891 HR,
1608 2860 1675 2885 om.
1706 2861 1730 2895 g

208 2904 306 2948 quod
335 2905 366 2938 Φ
