1884 3254
670 192 876 238 Epistula
899 192 1004 228 xin
1029 194 1074 228 35
1550 199 1630 241 199

109 334 232 375 saepe
270 318 318 361 fit
354 318 588 373 prandium,
622 320 671 360 ut
707 318 884 360 aliorum
923 319 1037 361 fessa
1076 321 1340 362 sustentetur
1371 324 1500 373 aetas,
1533 323 1632 364 alio-

108 405 202 434 rum
244 404 325 434 non
369 384 587 444 frangatur
628 389 844 443 incipiens.
889 390 1041 432 dehinc
1085 394 1345 446 consurgunt
1387 393 1543 446 pariter
1593 396 1636 435 et

108 463 263 518 hymno
303 461 414 504 dicto
453 459 507 502 ad
543 460 761 514 praesepia
797 460 984 503 redeunt.
1030 461 1089 503 ibi
1134 475 1270 516 usque
1314 463 1365 504 ad
1410 475 1632 517 uesperam

3 579 8 586 ζ
110 546 207 576 cum
245 532 334 574 suis
377 531 669 584 unusquisque
712 530 902 584 loquitur
946 534 988 574 et
1031 531 1153 574 dicit:
1194 533 1378 576 ‘uidistis
1421 533 1545 575 illum
1589 538 1632 576 et

68 604 244 655 sillum,
284 604 440 657 quanta
476 601 516 643 in
560 602 653 656 ipso
699 602 757 643 sit
799 602 947 657 gratia,
988 605 1192 656 quantum
1237 604 1470 655 silentium,
1509 617 1634 658 quam

4 667 9 677 ⁷
109 674 351 717 moderatus
388 673 623 715 incessus?
656 674 692 714 si
722 672 936 715 infirmum
968 674 1163 726 uiderint,
1197 676 1485 725 consolantur3
1520 676 1556 717 si
1592 675 1635 717 in
1674 684 1696 718 5

110 745 178 787 dei
216 757 355 787 amore
391 744 640 795 feruentem,
674 743 946 786 cohortantur
983 745 1035 786 ad
1073 745 1277 788 studium.
1311 748 1354 788 et
1386 746 1485 800 quia
1514 747 1636 789 nocte

111 818 225 858 extra
262 815 471 858 orationes
509 814 704 869 publicas
742 814 785 856 in
830 827 907 857 suo
953 815 1083 857 cubili
1126 815 1421 870 unusquisque
1464 817 1636 872 uigilat,

16 939 18 941 ,
113 887 375 929 circumeunt
406 886 581 927 cellulas
615 886 878 940 singulorum
905 888 946 928 et
973 899 1070 928 aure
1097 887 1305 941 adposita,
1333 887 1434 941 quid
1465 888 1635 939 faciant,

7 998 21 1020 a
51 964 87 1014 10
113 957 334 1013 diligenter
373 957 599 1010 explorant.
631 969 755 1010 quem
794 956 1021 999 tardiorem
1059 957 1422 1012 deprehenderint,
1454 971 1536 1001 non
1573 959 1635 1000 in-

14 1021 38 1059 ’-
111 1030 296 1083 crepant,
330 1028 405 1070 sed
442 1027 724 1081 dissimulato,
758 1027 870 1082 quod
907 1031 1073 1080 norunt,
1114 1041 1210 1071 eum
1249 1029 1418 1083 saepius
1455 1029 1636 1072 uisitant

113 1103 156 1142 et
186 1099 303 1154 prius
335 1099 586 1152 incipientes
611 1101 843 1152 prouocant
866 1099 1003 1154 magis
1031 1112 1158 1149 orare,
1187 1113 1310 1153 quam
1338 1103 1506 1155 cogunt.
1533 1113 1639 1155 opus
1678 1108 1702 1143 6

114 1171 197 1214 diei
235 1172 446 1213 statutum
486 1172 564 1222 est,
605 1169 717 1223 quod
759 1169 914 1212 decano
954 1170 1164 1212 redditum
1205 1171 1339 1217 fertur
1376 1171 1429 1212 ad
1467 1183 1640 1213 oecono-

112 1256 244 1293 mum,
284 1242 357 1295 qui
395 1243 438 1283 et
472 1241 565 1295 ipse
603 1254 677 1295 per
715 1240 905 1296 singulos
943 1253 1110 1283 menses
1157 1241 1266 1296 patri
1310 1241 1497 1284 omnium
1545 1254 1640 1284 cum

6 1301 26 1362 ἶ
46 1319 89 1347 =15
113 1326 265 1369 magno
302 1311 441 1355 reddit
475 1314 656 1354 tremore
693 1311 913 1355 rationem.
947 1324 971 1353 a
1002 1325 1084 1366 quo
1117 1312 1244 1354 etiam
1277 1312 1375 1364 cibi,
1410 1325 1507 1355 cum
1538 1312 1642 1354 facti
1690 1351 1694 1353 ,

8 1375 24 1386 ”
113 1385 283 1437 fuerint,
314 1383 595 1438 degustantur
625 1384 680 1434 et,
715 1382 813 1436 quia
845 1382 1053 1424 nonlicet
1093 1382 1230 1425 dicere
1269 1383 1485 1436 cuiquam:
1519 1383 1643 1425 ‘tuni-

115 1468 206 1497 cam
241 1457 284 1497 et
314 1467 461 1509 sagum
490 1455 688 1508 textaque
719 1453 857 1496 iuncis
891 1455 1024 1495 strata
1056 1465 1137 1495 non
1170 1453 1333 1504 habeo'‚
1359 1453 1431 1495 ille
1462 1454 1522 1496 ita
1553 1454 1642 1495 uni-

114 1539 239 1569 uersa
274 1525 529 1576 moderatur,
567 1526 619 1566 ut
654 1537 776 1566 nemo
816 1523 918 1578 quid
954 1523 1157 1578 postulet,
1196 1536 1318 1566 nemo
1358 1523 1574 1566 dehabeat.
1608 1524 1643 1566 si
1683 1528 1704 1562 7

15 1645 18 1648 ⁴
115 1611 215 1640 uero
254 1596 348 1650 quis
382 1595 568 1650 coeperit
599 1597 829 1650 aegrotare,
863 1595 1115 1637 transfertur
1147 1595 1199 1636 ad
1232 1594 1423 1637 exedram
1454 1595 1646 1637 latiorem

8 1657 21 1720 ξ
55 1672 91 1701 20
114 1671 159 1710 et
189 1669 306 1709 tanto
341 1679 486 1709 senum
521 1665 755 1708 ministerio
785 1666 1047 1716 confouetur,
1079 1670 1129 1707 ut
1159 1678 1235 1707 nec
1268 1665 1442 1707 delicias
1474 1665 1652 1707 urbium

166 1773 183 1807 1
212 1774 307 1807 fessa
330 1781 362 1806 8.
389 1772 412 1807 l.
438 1771 471 1806 Σ
538 1771 559 1804 2
588 1770 669 1805 dein
689 1770 735 1805 H
827 1770 1094 1815 coniunguntur
1116 1771 1148 1804 Φ
1221 1769 1242 1804 3
1267 1771 1327 1815 ad]
1353 1769 1397 1804 de
1423 1769 1478 1814 (in
1500 1770 1592 1816 ras.)
1611 1770 1647 1804 Β
1718 1787 1723 1790 -

117 1832 303 1877 praesepie
329 1833 434 1875 (corr.
459 1831 641 1875 praesepi)
668 1829 703 1863 B
728 1830 921 1875 praesepta
945 1829 1101 1864 ka.e.m2
1220 1829 1388 1874 redeunt]
1415 1829 1457 1864 in
1482 1839 1558 1864 ras.
1583 1830 1647 1864 m2

117 1891 153 1926 Β
178 1890 328 1926 redeant
353 1890 393 1925 D
491 1891 528 1924 et
552 1889 604 1923 ibi
630 1888 711 1923 ΚΨ
818 1899 1008 1934 uesperum
1033 1887 1117 1923 ΗΨ
1140 1898 1196 1922 —ra
1227 1889 1259 1922 Φ
1318 1889 1341 1922 4
1366 1899 1424 1922 un.
1453 1899 1481 1922 c.
1507 1887 1581 1922 suis
1606 1886 1651 1921 H

119 1962 196 1986 cum
223 1950 298 1985 suis
324 1960 390 1984 om.
422 1950 454 1983 Φ
538 1959 597 1993 pr.
625 1950 662 1983 et
687 1958 755 1983 om.
780 1947 826 1982 H
918 1947 1046 1982 uidisti
1071 1947 1138 1982 Hk
1235 1949 1272 1982 et
1296 1946 1412 1992 illurn]
1439 1958 1467 1982 s.
1496 1946 1519 1982 l.
1545 1946 1589 1980 K
1611 1949 1648 1981 et

119 2009 218 2044 illam
249 2010 281 2043 Φ
378 2010 399 2042 5
425 2007 474 2043 sit
498 2008 534 2042 in
561 2007 624 2042 illo
651 2007 674 2041 k
775 2006 930 2052 gratiam
956 2006 1000 2041 K
1093 2007 1113 2041 7
1141 2005 1375 2041 cohartantur
1399 2005 1439 2041 K
1464 2006 1586 2050 (corr.)
1617 2005 1649 2039 Φ

121 2080 192 2115 qua
217 2069 339 2111 (corr.)
365 2066 408 2101 K
430 2078 499 2112 que
530 2068 562 2101 Φ
658 2066 679 2101 8
707 2067 907 2101 orationem
932 2065 1115 2111 publicam
1142 2066 1164 2100 k
1284 2065 1395 2101 cubili
1421 2067 1460 2107 (8.
1489 2065 1512 2100 l.
1539 2075 1648 2099 unus·

121 2128 287 2174 quisque)
318 2127 356 2162 Ψ
379 2125 540 2162 cubiculo
567 2137 626 2161 un.
652 2126 711 2161 kB
736 2136 797 2160 un.
824 2125 989 2161 cubiculo
1020 2126 1053 2159 Φ
1125 2125 1256 2170 uigilet
1278 2126 1310 2159 Φ
1358 2125 1379 2159 9
1407 2125 1591 2160 circueunt
1608 2123 1653 2158 H

121 2187 262 2222 cellulis
289 2187 327 2221 D
353 2186 461 2221 cellas
486 2185 551 2220 Hk
648 2186 699 2230 et]
727 2187 769 2220 ut
792 2184 837 2219 H
930 2183 1027 2229 quod
1056 2185 1088 2218 Φ
1113 2183 1199 2229 quid
1224 2184 1359 2229 singuli
1379 2184 1415 2218 B
1455 2193 1461 2198 ·
1511 2183 1650 2228 faciunt

121 2246 165 2282 H
188 2246 340 2281 audiant
364 2245 404 2280 D
495 2244 540 2279 10
567 2242 901 2290 depraehenderent
926 2243 970 2278 K
991 2242 1152 2278 uiderint
1180 2244 1212 2277 Φ
1303 2243 1343 2277 11
1374 2242 1604 2277 dissimulant
1628 2241 1650 2276 k

125 2306 219 2350 eum]
243 2305 319 2339 eius
339 2305 495 2339 ka.c.m2
546 2303 590 2338 12
615 2302 848 2349 incipientem
869 2302 892 2336 k
963 2304 1139 2347 prouocat
1161 2303 1193 2336 Φ
1266 2303 1398 2346 cogant
1414 2301 1460 2336 H
1506 2301 1548 2335 13
1575 2304 1648 2335 sta-

122 2366 199 2398 tum
232 2365 264 2398 Φ
335 2362 500 2398 redditur
524 2362 601 2397 KB
673 2361 770 2406 ferta]
792 2373 812 2396 a
838 2360 974 2396 decano
1001 2361 1116 2396 fertur
1141 2361 1163 2395 k
1236 2371 1441 2396 econemum
1464 2359 1507 2394 H
1527 2360 1648 2394 icono-

121 2434 217 2458 mum
243 2424 265 2458 k
289 2433 502 2468 yconomum
533 2423 565 2456 Φ
614 2421 659 2456 14
683 2422 780 2466 patri
806 2431 900 2455 omn.
927 2432 990 2466 per
1016 2432 1042 2456 s.
1070 2432 1116 2456 m.
1147 2421 1179 2454 Φ
1229 2419 1272 2454 15
1298 2418 1459 2454 reddidit
1483 2421 1527 2453 tr.
1555 2419 1650 2454 Σα.ο.

123 2482 251 2517 reddet
278 2483 319 2518 tr.
346 2481 391 2515 Η
410 2482 541 2516 timore
567 2480 696 2516 reddet
721 2481 743 2515 k
767 2483 812 2515 tr.
838 2479 958 2515 reddit
983 2491 1007 2524 g
1081 2480 1123 2514 16
1149 2480 1431 2525 praegustantur
1454 2489 1478 2522 g
1557 2478 1650 2522 cuiq.

125 2541 191 2577 dic.
219 2542 319 2586 H‘pk
394 2542 436 2576 17
464 2542 502 2576 et
527 2551 595 2576 om.
619 2541 651 2575 Φ
747 2551 889 2575 saccum
909 2539 1081 2574 Ba.c.m2
1176 2541 1343 2583 testaque
1363 2537 1402 2572 D
1497 2538 1650 2571 stratum

123 2601 228 2636 Ba.c.
256 2602 369 2636 strato
395 2599 437 2634 K
557 2600 610 2634 ita
634 2599 695 2634 ille
720 2600 756 2635 B
883 2599 949 2644 ita]
975 2610 1002 2634 3.
1031 2599 1054 2633 l.
1081 2598 1119 2632 Κ
1145 2598 1269 2643 itaque
1294 2596 1340 2632 H
1463 2598 1591 2630 cuncta
1620 2594 1652 2628 Φ

127 2660 170 2695 18
197 2670 300 2694 nemo
329 2659 422 2704 deh.]
449 2659 586 2694 nemini
612 2658 749 2704 aliquid
776 2657 871 2693 desit
900 2659 932 2692 Φ
1079 2658 1121 2692 19
1148 2668 1233 2692 uero
1260 2657 1321 2702 qui
1351 2656 1383 2689 Φ
1414 2655 1492 2700 quis
1518 2664 1602 2688 uero
1626 2663 1651 2698 ς

127 2718 308 2753 excedram
335 2719 458 2763 (corr.)
480 2718 544 2753 ΣΒ
569 2717 775 2753 excederam
796 2717 836 2752 D
912 2717 1102 2752 lautiorem
1121 2716 1223 2761 Bpae.
1250 2715 1327 2760 (sed
1351 2725 1372 2748 u
1400 2714 1516 2748 denuo
1541 2712 1651 2757 eras.)

126 2778 171 2812 20
196 2779 336 2812 tantum
362 2777 404 2811 H
408 2778 440 2812 Φ
474 2784 481 2795 ’
535 2777 775 2812 ministerium
801 2776 1030 2820 K,Ha.c.m2
