1884 3254
247 232 303 273 28
784 228 936 263 Sancti
961 226 1212 272 Hieronymi

244 358 335 400 rim.
360 370 381 399 e
407 357 560 411 quibus
591 357 702 399 malo
732 368 809 398 uos
833 356 1042 398 incessere
1065 354 1289 404 tarditatis,
1317 365 1441 408 quam
1467 366 1535 395 me
1561 353 1755 396 condem-

245 439 341 469 nare
383 439 461 469 non
504 426 656 468 meriti.
692 426 859 469 facilius
896 425 1005 467 enim
1042 424 1305 480 neglegentia
1347 423 1556 466 emendari
1598 425 1754 478 potest,

245 510 368 551 quam
401 508 515 538 amor
545 496 671 538 nasci.
1847 540 1851 542 ,

301 567 340 608 3.
365 566 569 617 Bonosus,
597 570 644 607 ut
669 565 866 616 scribitis,
888 564 1008 619 quasi
1027 563 1140 607 filius
1163 562 1311 619 ἰχθύος
1337 575 1496 618 aquosa
1513 564 1651 618 petiit,
1676 576 1752 606 nos
1828 567 1844 627 ’ζ

241 636 415 689 pristina
441 635 684 690 contagione
709 634 925 677 sordentes
957 635 1077 688 quasi
1101 633 1237 689 reguli
1262 635 1306 675 et
1329 634 1569 689 scorpiones
1594 634 1755 677 arentia
1789 642 1820 672 r>
1836 641 1848 685 j

242 717 428 759 quaeque
454 707 675 747 sectamur.
700 705 772 746 ille
797 704 880 746 iam
906 705 1041 746 calcat
1065 716 1192 757 super
1215 704 1376 746 colubri
1401 707 1540 759 caput,
1567 717 1644 748 nos
1669 717 1755 749 ser·
1851 721 1854 722 ⁷

239 775 352 828 penti
382 777 532 817 terram
565 787 612 816 ex
644 774 784 816 diuina
816 774 1024 816 sententia
1047 773 1280 816 comedenti
1307 774 1445 817 adhuc
1470 774 1564 817 cibo
1590 786 1756 818 sumus,

237 845 310 888 ille
345 847 428 887 iam
464 847 604 899 potest
639 857 850 886 summum
889 844 1093 899 graduum
1132 845 1343 898 psalmum
1380 844 1594 896 scandere,
1629 845 1788 902 nobist
1830 863 1847 907 2

239 915 375 958 adhuc
410 915 451 957 in
489 915 621 969 primo
659 927 835 957 ascensu
868 915 1065 957 flentibus
1102 915 1243 957 nescio
1276 927 1326 957 an
1359 915 1495 958 dicere
1526 916 1752 970 aliquando
1779 924 1790 928 ’
1832 923 1837 953 5

239 985 468 1039 contingat:
491 985 672 1026 leuaui
699 985 883 1027 oculos
908 997 1051 1027 meos
1074 986 1126 1026 in
1153 987 1377 1034 montes,
1398 985 1536 1028 unde
1561 986 1751 1029 ueniat
1774 990 1846 1025 1⁰2

239 1054 493 1096 auxilium
532 1054 674 1096 mihi.
711 1054 783 1096 ille
820 1055 928 1097 inter
963 1055 1149 1097 minaces
1188 1055 1346 1098 saeculi
1382 1055 1538 1098 fluctus
1574 1056 1617 1098 in
1653 1058 1751 1100 tuto
1834 1058 1835 1062 ’

236 1124 409 1174 insulae,
436 1125 513 1166 hoc
538 1127 604 1166 est
628 1124 830 1167 ecclesiae
856 1125 1030 1180 gremio,
1055 1125 1206 1168 sedens
1226 1125 1277 1167 ad
1297 1126 1533 1180 exemplum
1552 1127 1751 1171 Iohannis

236 1193 387 1235 librum
419 1194 525 1237 forte
556 1194 638 1236 iam
671 1194 855 1247 denerat,
887 1207 963 1250 ego
994 1196 1036 1237 in
1068 1195 1275 1238 scelerum
1305 1209 1494 1239 meorum
1526 1188 1761 1252 sepulchro

235 1265 372 1306 iacens
405 1266 448 1306 et
477 1267 744 1319 peccatorum
775 1266 963 1309 uinculis.
989 1266 1226 1322 conligatus
1253 1266 1508 1310 dominicum
1542 1268 1592 1310 de
1624 1279 1750 1310 euan-

236 1334 344 1388 gelio
389 1336 557 1388 expecto
591 1325 851 1377 clamorem:
896 1335 1176 1390 ‘Hierony-me,
1215 1336 1312 1378 ueni
1354 1337 1493 1379 foras'.
1534 1338 1746 1390 Bonosus,
1770 1342 1808 1373 ὓ
1840 1327 1842 1358 3

233 1404 415 1458 inquam,
440 1428 498 1434 —
523 1404 620 1458 quia
650 1405 879 1447 secundum
910 1407 1155 1460 prophetam
1186 1407 1322 1449 omnis
1354 1407 1510 1450 diaboli
1539 1409 1679 1451 uirtus
1702 1409 1746 1452 in
1815 1407 1835 1467 J

234 1473 378 1516 lumbo
415 1476 482 1516 est
509 1498 565 1505 -
596 1477 709 1517 trans
740 1475 979 1529 Euphraten
1016 1477 1118 1519 tulit
1152 1477 1342 1519 lumbare
1380 1491 1504 1520 suum
1541 1476 1600 1521 ibi
1638 1474 1747 1522 illud
1814 1498 1844 1507 ⁷<

235 1543 275 1585 in
311 1542 512 1585 foramine
548 1547 687 1598 petrae
726 1545 982 1606 abscondens
1020 1549 1064 1589 et
1098 1550 1245 1601 postea
1288 1548 1470 1591 scissum
1506 1550 1745 1604 repperiens

235 1614 404 1656 cecinit:
455 1615 644 1666 ‘domine‚
695 1619 749 1658 tu
804 1618 1110 1670 possedisti
1172 1631 1326 1661 renes
1386 1632 1548 1669 meos;
1611 1621 1745 1663 disru-

351 1786 371 1820 5
398 1784 442 1820 cf.
469 1785 557 1821 Gen.
583 1787 616 1831 3,
645 1788 687 1822 15
796 1789 816 1823 7
843 1789 887 1825 cf.
915 1788 1003 1825 Gen.
1029 1791 1062 1835 3,
1089 1790 1135 1825 14
1221 1791 1264 1826 10
1290 1792 1373 1827 *Ps.
1400 1793 1481 1837 120,
1508 1792 1525 1827 1
1628 1794 1672 1828 12
1698 1794 1743 1831 cf.
1813 1826 1828 1842 ,

232 1842 342 1888 Apoc.
371 1843 424 1887 10,
453 1843 495 1880 10
640 1847 777 1882 13-15
803 1847 848 1882 cf.
873 1847 951 1882 Iob.
977 1844 1033 1890 11,
1059 1849 1204 1885 43—*44
1348 1850 1390 1885 16
1417 1850 1461 1887 cf.
1493 1851 1587 1888 Hiob
1612 1853 1672 1898 40,
1697 1852 1740 1888 11

233 1901 277 1935 17
302 1900 347 1936 cf.
373 1901 469 1938 Hier.
498 1903 551 1944 13,
576 1905 668 1939 4-7
744 1906 786 1940 19
811 1906 870 1941 Ps.
897 1906 977 1950 138,
1006 1907 1048 1943 13
1145 1907 1190 1943 cf.
1215 1907 1275 1944 Ps.
1303 1909 1382 1954 106,
1409 1911 1454 1945 14

279 2027 294 2061 1
323 2029 356 2073 e]
383 2028 419 2062 in
445 2028 573 2064 mAW
662 2032 776 2076 magis
803 2033 886 2069 uolo
910 2046 936 2080 g
1012 2047 1077 2071 uos
1102 2047 1170 2072 om.
1195 2036 1236 2071 D
1329 2037 1367 2072 iu
1391 2048 1538 2074 necesse
1567 2038 1620 2074 W
1638 2040 1742 2076 incu-

229 2095 306 2120 sare
330 2097 354 2130 g
472 2087 494 2121 2
519 2099 588 2123 non
615 2099 682 2124 om.
713 2090 765 2124 W
877 2093 1006 2129 merito
1032 2093 1143 2131 23D0
1164 2098 1253 2130 -tum
1277 2106 1302 2140 ς
1420 2097 1443 2132 3
1469 2107 1574 2142 quam
1599 2109 1627 2133 8.
1655 2099 1678 2134 l.
1703 2098 1742 2134 B
1765 2110 1768 2113 ’
1830 2094 1849 2099 '⁷

227 2144 325 2178 nasci
350 2155 417 2179 om.
443 2146 478 2180 B
565 2148 587 2182 4
612 2147 726 2183 bonus
757 2149 809 2184 W
827 2153 951 2187 noster
973 2152 1131 2189 bonosus
1155 2154 1192 2189 B
1287 2154 1482 2201 scripsistis
1506 2155 1628 2195 Dm
1650 2158 1741 2193 scri-
1824 2192 1830 2198 ,
1863 2187 1868 2190 .

227 2202 332 2246 psisti
361 2203 392 2237 C
458 2206 598 2249 yctiosa
623 2218 711 2251 quos
737 2210 878 2254 appetit
894 2211 930 2246 A
955 2210 1133 2249 IXOTOC
1157 2224 1178 2248 a
1203 2224 1292 2259 quos
1318 2214 1461 2260 appetit
1481 2215 1534 2251 W
1600 2215 1740 2264 ἰχθύος]
1789 2214 1846 2264 ⁸.

226 2260 332 2295 uarie
353 2262 525 2306 scriptum
550 2264 590 2299 in
615 2265 717 2301 codd.
744 2265 867 2312 ἰχθύος
891 2269 930 2303 id
956 2272 1011 2305 est
1034 2271 1143 2316 piscis
1167 2282 1192 2316 g
1293 2273 1389 2317 petit
1412 2271 1450 2309 ⁵11
1473 2275 1600 2319 petens
1623 2273 1739 2321 Mpae.
1774 2267 1865 2319 ’3-ἒῖ

226 2318 289 2351 m2
405 2320 426 2353 5
452 2320 635 2357 sordentes
661 2333 727 2358 om.
754 2323 882 2360 QIAW
1008 2325 1232 2374 scorphionis
1261 2328 1314 2365 W
1425 2331 1448 2367 6
1473 2333 1555 2379 nos]
1589 2344 1663 2369 nou
1692 2333 1751 2372 W'
1811 2336 1846 2371 'Q

226 2375 247 2409 7
273 2375 480 2412 comedente
505 2379 549 2413 M
652 2382 730 2416 cibo
757 2382 827 2418 ‘2121
853 2384 951 2420 cibos
982 2386 1033 2420 W
1053 2387 1152 2423 cibus
1176 2388 1334 2427 §BDMO
1430 2401 1554 2426 sumus
1577 2391 1679 2428 dhus
1701 2390 1740 2429 Β
1814 2381 1840 2419 Γ

225 2433 247 2467 8
272 2433 419 2478 gradum
446 2433 515 2474 21ae
657 2440 846 2476 ascendere
877 2442 1031 2480 §BDMC
1158 2446 1180 2481 9
1210 2446 1355 2483 fletibus
1386 2446 1458 2484 2121
1488 2447 1684 2486 fluentibus
1713 2461 1740 2496 ς

224 2491 343 2525 nescio
369 2502 435 2527 om.
466 2493 497 2527 O
591 2495 634 2530 10
660 2498 872 2544 continguat
895 2501 932 2535 B
1050 2503 1102 2548 in]
1128 2503 1174 2539 ad
1199 2505 1499 2551 DMC'fflpaennoe
1614 2509 1740 2546 ueniet
1815 2496 1854 2538 ἶ

229 2547 311 2583 WB
408 2551 450 2586 11
477 2555 555 2588 toto
582 2552 710 2589 ΜΨ
804 2558 845 2593 12
871 2558 949 2605 hoc]
976 2561 1013 2596 id
1037 2561 1074 2596 B
1181 2567 1235 2598 est
1260 2566 1296 2599 in
1320 2565 1358 2601 B
1478 2567 1523 2603 13
1545 2565 1676 2604 fortem
1699 2570 1737 2604 A
1832 2554 1858 2610 Ξ

222 2606 257 2642 in
284 2618 350 2645 om.
376 2607 449 2646 9313
542 2613 702 2657 sepulcro
728 2615 868 2651 uDGB
966 2619 1008 2654 16
1034 2619 1187 2657 diabolis
1216 2623 1247 2657 ο
1329 2625 1372 2660 17
1396 2619 1530 2661 lumbis
1552 2637 1579 2671 ς
1673 2638 1735 2664 eu·
1791 2611 1857 2661 ’θέ

222 2664 371 2708 phraten
402 2669 489 2712 (-em
525 2668 569 2714 C)
607 2670 687 2707 WC
716 2674 877 2710 eufraten
909 2680 970 2712 cet.
1137 2681 1317 2718 lumbar-es
1346 2682 1397 2718 W
1531 2684 1600 2732 ibi]
1625 2685 1688 2722 nbi
1709 2670 1748 2733 s.
1842 2686 1864 2701 '⁵

222 2723 326 2815 2¹81?
351 2735 417 2760 om.
444 2725 536 2762 mW
673 2731 802 2767 scisum
835 2733 885 2767 W
1023 2738 1201 2783 reperiens
1230 2739 1374 2786 σῶμα
1493 2743 1540 2778 19
1565 2743 1735 2791 dirupisti

252 2808 260 2822 ‚
295 2792 366 2826 με.
