1940 3260
2 1837 19 2139 -Wa-.m·n-·
3 1781 17 1830 ..yn
17 1719 19 1721 .

152 1060 188 1087 10

152 1415 188 1444 15

172 1771 189 1798 0

745 282 954 330 Epistula
978 283 1092 320 LXIX
1118 286 1210 321 6—-7
1652 290 1738 332 693

212 423 303 453 cor
344 424 538 454 nouum
582 414 634 454 et
676 412 934 467 spiritum
978 427 1195 464 nouum;
1239 415 1290 457 in
1339 414 1557 459 Christo
1602 418 1739 460 enim

212 482 337 523 Iesu
376 494 546 535 neque
586 481 936 526 circumcisio
970 484 1183 539 aliquid
1214 484 1366 528 ualet
1395 498 1564 540 neque
1594 499 1739 541 prae-

211 551 439 606 putium,
483 551 574 594 sed
617 565 752 595 noua
789 555 992 596 natura.
1037 555 1147 596 unde
1185 557 1228 597 et
1265 558 1483 598 cantamus
1528 556 1738 599 canticum

212 635 372 665 nouum
404 625 447 664 et
477 622 611 665 ueteri
637 623 807 666 homine
834 624 1028 678 deposito
1056 638 1136 668 non
1164 626 1431 669 ambulamus
1456 627 1497 669 in
1524 629 1740 670 uetustate

211 693 392 745 litterae,
431 693 506 735 sed
536 694 579 735 in
610 694 801 736 nouitate
833 695 1022 749 spiritus.
1059 696 1128 738 hic
1161 698 1227 739 est
1258 697 1448 739 calculus
1481 710 1632 749 nouus,
1670 698 1739 741 cui
1775 704 1799 739 4

212 776 370 806 nouum
412 776 563 807 nomen
606 764 863 816 inscribitur,
908 779 1032 820 quem
1071 779 1192 810 nemo
1231 767 1314 810 scit
1349 767 1504 823 legere,
1547 768 1630 811 nisi
1667 768 1740 823 qui

211 835 334 876 illum
379 835 601 890 acceperit.
652 838 924 890 quotquot
972 837 1082 879 enim
1131 838 1406 892 baptizati
1455 852 1638 881 sumus
1686 839 1736 881 in

213 905 435 948 Christo
484 905 625 957 Iesu,
682 906 730 948 in
787 909 955 950 morte
1010 907 1170 950 illius
1219 908 1491 962 baptizati
1541 921 1739 958 sumuS,

213 976 532 1031 consepulti
559 977 605 1019 ei
630 990 722 1031 per
746 977 1076 1032 baptismum
1100 979 1149 1021 in
1170 982 1353 1030 morte,
1379 981 1450 1031 ut,
1479 979 1738 1034 quomodo

215 1047 455 1090 surrexit
499 1047 754 1090 Christus
799 1061 823 1091 a
861 1050 1094 1091 mortuis
1143 1062 1235 1104 per
1279 1049 1506 1104 gloriam
1549 1049 1739 1105 patris,

213 1118 291 1160 ita
322 1120 373 1161 et
403 1131 496 1161 nos
527 1118 578 1160 in
604 1118 856 1161 nouitate
882 1118 1033 1161 uitae
1059 1119 1408 1162 ambulemus.
1440 1119 1597 1163 totiens
1622 1119 1741 1162 noui-

211 1191 344 1231 tatem
378 1188 561 1244 legimus
594 1191 636 1231 et
666 1190 806 1232 tamen
837 1189 1104 1232 maculosum
1135 1202 1284 1233 nomen
1316 1190 1456 1232 uxoris
1488 1202 1568 1232 non
1598 1191 1742 1244 potest

211 1259 300 1302 ulla
329 1259 520 1302 nouitate
547 1259 705 1302 deleri?
738 1260 1053 1315 consepulti
1086 1273 1234 1303 sumus
1262 1260 1428 1304 Christo
1459 1261 1510 1303 in
1541 1260 1742 1314 baptis-
1778 1269 1801 1303 5

212 1332 350 1372 mate
388 1331 431 1372 et
466 1330 772 1373 resurreximus
809 1343 901 1385 per
936 1331 1099 1373 fidem
1138 1331 1478 1385 operationis
1517 1331 1615 1383 dei,
1652 1331 1742 1385 qui

215 1400 520 1444 suscitauit
558 1413 671 1444 eum
710 1414 734 1443 a
770 1402 1016 1444 mortuis,
1056 1414 1280 1456 cumque
1319 1415 1510 1445 essemus
1542 1402 1743 1445 mortui

212 1472 264 1513 in
297 1471 527 1514 delictis
567 1471 700 1514 etin
731 1472 1022 1526 praeputio
1062 1472 1239 1515 cai-nis
1281 1475 1463 1524 nostrae,
1503 1473 1743 1516 conuiui-

213 1542 416 1585 ficauit
451 1555 676 1586 noscum
710 1543 810 1585 illo
843 1542 1044 1586 donans
1078 1543 1249 1585 omnia
1280 1543 1500 1595 delicta,
1541 1543 1742 1594 delens,

214 1613 352 1667 quod
402 1613 691 1656 aduersum
736 1627 826 1656 nos
871 1616 1000 1665 erat,
1052 1613 1474 1670 chirographum
1518 1614 1742 1666 decreti,

216 1683 355 1738 quod
388 1686 503 1726 erat
528 1684 860 1727 contrarium
888 1685 1067 1735 nobis;
1097 1686 1148 1727 et
1173 1684 1334 1739 ipsud
1359 1685 1493 1728 tulit
1522 1697 1543 1727 e
1570 1685 1742 1728 medio

153 1771 170 1798 2
217 1754 453 1810 affigens
490 1754 635 1797 illud
672 1755 835 1797 cruci.
875 1755 1016 1797 omnia
1051 1757 1195 1798 nostra
1233 1768 1331 1798 cum
1370 1755 1538 1799 Christo
1576 1758 1743 1799 mortua
1780 1766 1802 1800 6

213 1828 326 1877 sunt,
351 1826 552 1868 uniuersa
576 1825 845 1880 chirographi
870 1825 1024 1868 ueteris
1050 1828 1224 1880 peccata
1248 1826 1403 1869 deleta:
1433 1826 1572 1869 solum
1591 1839 1743 1869 nomen

136 1928 138 1930 -
212 1897 327 1939 uiuit
362 1896 533 1939 uxoris?
572 1895 661 1939 dies
699 1908 771 1954 me¹
799 1895 978 1948 deficiet,
1016 1896 1053 1939 si
1085 1899 1248 1948 cuncta,
1289 1909 1395 1950 quae
1427 1896 1479 1938 ad
1509 1897 1743 1950 potentiam

213 1967 416 2022 baptismi
457 1968 680 2023 pertinent,
723 1967 774 2010 de
811 1967 1031 2022 scripturis
1070 1967 1227 2010 sanctis
1263 1967 1438 2010 uoluero
1477 1967 1664 2023 digerere
1701 1973 1744 2010 et

336 2094 354 2130 1
385 2094 488 2131 *Gah
513 2095 547 2139 6,
575 2094 618 2129 15
676 2094 698 2129 3
724 2093 768 2130 cf.
794 2093 854 2129 Ps.
879 2094 937 2138 32,
963 2094 984 2130 3
1012 2094 1080 2129 etc.
1135 2094 1159 2129 4
1185 2093 1227 2129 cf.
1253 2093 1356 2129 Rom.
1383 2094 1415 2136 7,
1441 2094 1463 2129 6
1513 2094 1534 2128 5
1560 2093 1604 2130 cf,
1630 2094 1742 2141 Apoc.

216 2155 249 2198 2,
278 2154 320 2188 17
395 2153 415 2188 7
440 2152 564 2188 *Rom
589 2154 624 2196 6,
649 2152 745 2188 3-4
817 2152 862 2187 13
890 2151 990 2188 *Col.
1017 2152 1050 2193 2,
1079 2151 1220 2188 12—14

267 2226 282 2260 1
311 2224 420 2270 enim]
445 2224 514 2259 hoc
537 2224 574 2259 B
647 2223 668 2258 3
693 2225 824 2258 natura
853 2223 905 2258 W
925 2225 1089 2259 creatura
1113 2227 1176 2259 cet.
1251 2225 1288 2258 et
1312 2233 1382 2258 om.
1405 2234 1429 2269 ς
1500 2224 1522 2259 4
1549 2225 1671 2260 uetere
1696 2223 1748 2259 W

217 2284 420 2330 depositum
447 2293 492 2318 ex
516 2282 683 2328 deposita
705 2282 827 2318 m2W
943 2281 1166 2317 ambulemus
1197 2281 1376 2327 Wp.c.m2
1489 2282 1511 2318 6
1535 2283 1683 2318 norninu
1708 2283 1744 2318 Β

215 2342 426 2379 inscribitur
450 2341 502 2377 W
521 2341 699 2377 scribetur
717 2341 757 2376 D
782 2341 952 2376 scribitur
970 2345 1033 2377 cet.
1107 2351 1211 2386 quem
1238 2340 1290 2376 W
1304 2340 1400 2386 quod
1419 2344 1483 2377 cet.
1533 2341 1553 2376 7
1572 2341 1675 2377 illum
1697 2341 1750 2377 W

216 2401 308 2438 illud
333 2406 396 2438 cet.
493 2402 515 2437 8
541 2403 656 2436 marte
681 2401 721 2436 D
744 2402 896 2436 mortem
920 2411 945 2446 ς
1057 2399 1171 2446 ipsius
1197 2400 1229 2435 Σ
1321 2401 1343 2436 9
1369 2400 1570 2446 consepulti
1595 2400 1690 2436 enim
1717 2400 1749 2435 Σ

218 2463 251 2497 ei
278 2473 345 2497 om.
373 2461 405 2496 Σ
427 2463 565 2505 (sumus
589 2471 618 2496 8.
645 2460 669 2496 l.
693 2461 770 2502 2122)
797 2460 830 2495 ei
855 2470 978 2495 sumus
1002 2470 1027 2504 ς
1151 2459 1188 2494 in
1214 2458 1395 2495 babtismo
1427 2459 1479 2494 W
1592 2462 1743 2494 mortem

217 2520 391 2558 La.c.2'B
512 2519 553 2554 11
581 2519 781 2554 nouitatem
806 2529 831 2564 g
955 2518 1066 2563 uitae]
1093 2529 1116 2553 u
1141 2520 1263 2563 (erae.)
1291 2520 1328 2553 et
1352 2519 1462 2563 (exp.)
1486 2528 1550 2553 nos
1576 2519 1684 2562 (exp.)
1709 2517 1744 2552 L

218 2579 330 2616 toties
354 2590 379 2624 g
452 2578 496 2614 13
523 2578 617 2614 enim
643 2589 764 2613 sumus
790 2577 827 2612 in
852 2581 920 2623 xpo
946 2577 983 2612 in
1007 2575 1227 2612 babtismate
1259 2576 1311 2612 W
1380 2576 1424 2612 16
1451 2576 1516 2612 alt.
1542 2576 1578 2611 in
1604 2586 1671 2611 om.
1699 2575 1749 2611 W

219 2638 504 2674 cumuiuificauit
535 2636 585 2672 W
708 2636 752 2672 18
778 2635 979 2682 cirograph.
1004 2635 1041 2671 Β
1066 2635 1275 2681 cyrograph.
1301 2636 1334 2671 Σ
1355 2646 1539 2681 cyrograu.
1570 2635 1621 2671 W
1642 2645 1742 2680 cyro-

219 2699 302 2733 frar.
329 2697 364 2732 L
427 2697 470 2740 19
495 2695 602 2742 ip'sud
632 2695 684 2731 W
703 2696 821 2742 ipsum
847 2699 910 2730 cet.
995 2694 1096 2730 tullit
1126 2694 1176 2729 W
1258 2706 1277 2742 e
1301 2694 1338 2730 Β
1363 2694 1406 2729 de
1438 2693 1488 2728 W
1544 2693 1587 2729 21
1616 2693 1743 2739 chyro-

219 2756 349 2803 graphi
379 2755 430 2792 W
451 2754 655 2801 cirographi
678 2754 715 2790 B
740 2753 1047 2800 cyrograph(fL)i
1073 2753 1177 2788 LZD
1279 2752 1420 2789 delecta
1443 2752 1630 2794 Ba.c.n12;
1655 2750 1743 2787 aad.

220 2819 306 2852 sunt
328 2827 353 2861 g
437 2815 482 2850 22
507 2815 578 2860 me]
606 2814 677 2849 mei
702 2813 846 2850 La.c.D
870 2812 959 2848 mihi
986 2813 1050 2848 ΣΒ
1147 2812 1315 2848 deficient
1338 2811 1526 2856 Lz'a.c.,D
1609 2810 1654 2846 23
1681 2809 1743 2846 de·

222 2886 346 2921 gerere
377 2874 428 2911 W
449 2874 622 2910 disserere
647 2874 699 2916 (ss
724 2873 765 2908 in
790 2882 864 2907 ras.
889 2874 966 2917 7³12)
993 2872 1025 2907 Σ
