1884 3254
293 230 376 271 190
836 226 988 261 Sancti
1014 224 1266 270 Hieronymi

235 360 255 395 3
292 356 402 407 bam,
434 367 515 397 non
548 355 764 397 oculorum
795 353 995 407 putabam
1028 352 1195 406 culpam
1229 363 1335 402 esse,
1369 349 1444 392 sed
1476 349 1593 391 solis.
1627 347 1812 390 dum-ita

291 439 359 470 me
391 426 588 480 antiquus
621 436 793 478 serpens
822 422 1045 473 inluderet,
1077 422 1119 464 in
1150 421 1288 464 media
1323 421 1453 462 ferme
1492 418 1812 474 quadragesima

293 496 492 539 medullis
528 495 667 537 infusa
703 494 833 535 febris
873 505 1024 546 corpus
1055 492 1216 534 inuasit
1247 492 1496 534 exhaustum
1530 492 1572 532 et
1605 489 1694 531 sine
1723 487 1813 537 ulla

292 566 436 620 requie
467 589 523 595 -
556 564 667 618 quod
704 563 821 606 dictu
859 575 1026 617 quoque
1061 562 1308 604 incredibile
1346 562 1403 604 sit
1433 585 1488 591 -—
1528 560 1590 603 sic
1626 558 1812 602 infelicia

294 636 482 678 membra
520 635 694 689 depasta
731 636 809 685 est,
843 636 891 676 ut
929 633 1099 675 ossibus
1136 633 1206 675 uix
1238 632 1464 674 haererem.
1495 631 1664 673 interim
1694 642 1811 684 para·
1853 640 1871 669 ο

294 708 447 750 bantur
488 705 707 758 exsequiae
752 707 795 746 et
837 704 982 747 uitalis
1027 704 1189 746 animae
1228 703 1341 745 calor
1376 705 1466 745 toto
1505 702 1685 756 frigente
1727 700 1812 743 iam

296 789 466 831 corpore
501 776 544 818 in
584 777 673 818 solo
716 777 882 818 tantum
926 776 1094 829 tepente
1136 775 1385 828 pectusculo
1429 772 1677 828 palpitabat,
1717 783 1814 813 cum

297 847 437 889 subito
458 849 604 901 raptus
624 846 666 888 in
687 845 840 900 spiritu
860 845 912 887 ad
931 845 1116 887 tribunal
1134 844 1286 887 iudicis
1306 844 1536 899 pertrahor,
1556 843 1630 885 ubi
1649 843 1814 885 tantum

295 918 466 961 luminis
507 919 549 959 et
583 918 750 959 tantum
789 918 878 958 erat
915 928 962 958 ex
1000 915 1367 958 circumstantium
1398 915 1589 957 claritate
1619 911 1814 968 fulgoris
1880 935 1882 937 >

237 995 259 1028 4
294 992 345 1031 ut
381 988 592 1043 proiectus
630 987 671 1029 in
708 989 862 1029 terram
899 999 1069 1029 sursum
1107 987 1292 1041 aspicere
1328 998 1409 1029 non
1447 985 1656 1028 auderem.
1686 983 1813 1025 iuter·
1836 985 1874 1016 10

295 1062 470 1113 rogatus
508 1058 795 1101 condicionem
835 1057 1119 1100 Christianum
1157 1069 1224 1098 me
1263 1069 1356 1099 esse
1393 1054 1604 1110 respondi.
1642 1056 1685 1097 et
1724 1053 1813 1102 ille,

297 1130 370 1183 qui
394 1129 620 1171 residebat:
639 1127 872 1179 ‘mentiris’‚
899 1128 970 1177 ait,
997 1127 1309 1171 ‘Ciceronianus
1336 1140 1394 1178 es,
1421 1139 1504 1169 non
1531 1125 1814 1173 Christianum

297 1200 389 1242 ubi
426 1199 720 1241 thesaurus
758 1201 901 1250 tuus,
937 1198 1014 1256 ibi
1052 1199 1104 1240 et
1142 1210 1229 1240 cor
1266 1198 1441 1241 tuum'.
1482 1197 1581 1239 ilico
1620 1194 1817 1238 obmutui

299 1272 341 1313 et
377 1270 486 1313 inter
521 1270 697 1312 uerbera
737 1294 786 1300 —
826 1282 922 1311 nam
961 1269 1080 1311 caedi
1116 1282 1184 1311 me
1220 1263 1406 1311 iusserat
1440 1292 1498 1299 —
1535 1265 1816 1310 conscientiae

299 1340 435 1395 magis
471 1340 568 1395 igne
604 1340 832 1393 torquebar
866 1339 988 1381 illum
1024 1351 1191 1381 mecum
1222 1338 1483 1392 uersiculum
1514 1339 1733 1393 reputans:
1765 1335 1819 1379 in
1842 1336 1879 1368 ¹⁵

298 1411 511 1453 inferno
545 1413 719 1452 autem
753 1410 872 1464 quis
907 1409 1272 1451 confitebitur
1303 1409 1435 1451 tibi?
1467 1409 1649 1451 clamare
1679 1410 1820 1450 tamen

301 1482 419 1535 coepi
458 1484 501 1523 et
538 1481 729 1523 heiulans
769 1480 923 1523 dicere:
961 1481 1217 1522 miserere
1255 1479 1369 1527 mei,
1409 1478 1633 1527 domine,
1671 1478 1820 1520 mise-

243 1558 263 1592 5
300 1565 414 1594 rere
446 1552 557 1593 mei.
583 1552 686 1593 haec
717 1564 798 1593 uox
821 1550 930 1593 inter
960 1551 1129 1606 flagella
1159 1550 1395 1593 resonabat.
1424 1550 1592 1592 tandem
1626 1549 1678 1591 ad
1706 1560 1823 1603 prae-

424 1714 467 1748 13
492 1713 647 1748 *Manu
673 1713 706 1758 6,
732 1712 775 1747 21
853 1712 897 1747 15
922 1712 982 1746 Ps.
1009 1712 1042 1754 6,
1070 1713 1091 1747 6
1167 1712 1208 1746 17
1236 1712 1318 1747 *Ps.
1344 1712 1402 1756 56,
1428 1712 1449 1746 2

353 1807 370 1842 1
386 1807 471 1851 non]
486 1806 551 1841 ini
618 1806 758 1851 culpam
774 1806 894 1851 (culpa
905 1805 932 1850 ἱ)
946 1806 1118 1851 putabam
1139 1805 1178 1842 170
1245 1817 1322 1841 esse
1337 1806 1430 1851 culp.
1443 1806 1481 1841 B
1547 1806 1688 1850 culpam
1702 1815 1769 1840 om.
1782 1805 1823 1840 io

305 1876 382 1901 esse
407 1876 476 1900 om.
500 1865 523 1899 k
596 1867 633 1899 et
659 1864 742 1899 dum
767 1865 790 1899 lc
856 1865 878 1898 2
903 1864 1047 1909 iniquus
1072 1865 1108 1899 B
1181 1863 1344 1899 eluderet
1368 1864 1453 1899 KP
1523 1864 1824 1910 quadragensima

304 1924 413 1968 K[,¹1¹
436 1925 559 1968 (corr.)
651 1923 672 1958 3
697 1923 830 1968 infusa]
857 1923 1032 1959 immensa
1057 1923 1079 1958 k
1175 1923 1317 1969 corpus]
1343 1934 1371 1958 s.
1398 1924 1421 1960 Ζ.
1449 1923 1536 1959 add.
1560 1934 1677 1958 meum
1701 1925 1765 1958 m2
1788 1923 1824 1958 B

306 1983 470 2018 exhausit
494 1983 533 2026 (h
561 1982 662 2026 add.)
682 1982 715 2017 Σ
773 1982 797 2017 4
823 1981 919 2017 dicto
945 1982 985 2017 io
1011 1982 1144 2017 dictum
1171 1982 1266 2017 ΚΙΦ
1341 1982 1547 2017 incredibili
1570 1982 1616 2017 H
1683 1982 1744 2027 sit]
1769 1984 1825 2016 est

305 2042 412 2087 Dp.c.
437 2042 479 2076 fit
502 2041 525 2076 k
662 2041 728 2086 sic]
755 2041 807 2076 ita
836 2041 868 2076 Φ
893 2042 929 2076 et
954 2041 1005 2076 sic
1029 2040 1044 2077 1
1164 2041 1185 2076 5
1212 2041 1279 2086 est]
1305 2043 1391 2076 sunt
1416 2041 1429 2076 1
1454 2043 1540 2076 sunt
1562 2040 1682 2086 (eras.)
1709 2042 1767 2076 est
1787 2040 1826 2077 B

305 2102 401 2136 inter
422 2099 695 2146 imperabantur
718 2099 864 2145 (imper-
889 2100 916 2146 i)
942 2100 1000 2134 531¹
1023 2102 1195 2145 parantur
1216 2111 1241 2145 g
1337 2100 1357 2134 6
1385 2102 1422 2135 et
1445 2102 1487 2135 ut
1510 2100 1554 2135 Η
1633 2099 1825 2146 frigentem

310 2161 342 2194 Φ
365 2159 573 2204 frigiscente
597 2159 638 2193 io
699 2159 718 2194 7
743 2160 848 2194 tanto
874 2158 888 2194 Ι
959 2160 1168 2204 tepescente
1197 2160 1229 2193 Φ
1306 2159 1514 2205 sarpusculo
1538 2161 1650 2204 (corp.
1676 2162 1709 2195 et
1732 2161 1825 2203 pect.

306 2219 383 2260 m2)
396 2217 439 2252 K
449 2217 656 2262 corpusculo
673 2216 712 2252 H
723 2217 974 2263 peccatusculo
989 2225 1013 2252 σ
1026 2218 1152 2262 pectus
1171 2218 1203 2251 Φ
1213 2217 1461 2263 pectusculum
1476 2217 1490 2252 1
1556 2217 1826 2263 pam—raptus

309 2287 376 2311 om.
407 2277 438 2310 Φ
508 2275 732 2321 palpitabam
756 2275 800 2310 K
820 2276 1059 2322 palpetabant
1076 2276 1122 2310 H
1166 2276 1188 2310 8
1212 2276 1249 2311 in
1275 2277 1358 2321 spir.
1386 2287 1453 2311 om.
1473 2276 1514 2311 D
1585 2276 1770 2322 pertrahar
1787 2275 1832 2311 K

310 2335 331 2370 9
358 2336 395 2369 et
418 2345 446 2369 s.
474 2335 495 2371 l.
523 2335 555 2368 Σ
672 2345 712 2369 ex
738 2335 818 2371 circ.
846 2335 931 2371 clar.
957 2335 1046 2379 fulg.
1072 2335 1095 2370 i.
1123 2338 1160 2379 t„
1185 2335 1227 2370 in
1249 2346 1319 2380 my.
1345 2335 1383 2370 al!
1409 2335 1627 2370 exercituum
1653 2335 1827 2375 stantium
1870 2348 1884 2361 τ

310 2393 487 2429 claritatis
512 2393 632 2438 fulgor
656 2395 718 2429 ΜΒ
748 2394 782 2428 Ψ
891 2404 931 2428 ex
958 2394 1053 2438 circ.]
1081 2395 1257 2430 exercitus
1284 2394 1482 2429 astantium
1506 2394 1530 2428 k
1626 2404 1667 2428 ex
1693 2404 1761 2429 om.
1786 2392 1831 2428 H
1877 2400 1883 2406 ·

311 2452 622 2488 circumstantibus
647 2453 687 2486 io
785 2453 828 2487 10
853 2455 949 2487 terra
973 2453 1018 2487 H
1113 2454 1153 2488 11
1183 2453 1225 2488 de
1251 2453 1460 2488 condicione
1483 2463 1508 2497 g
1615 2463 1692 2488 esse
1718 2463 1774 2488 me
1799 2452 1832 2487 Σ

312 2512 356 2547 12
381 2510 532 2546 redebat
555 2510 600 2544 H
622 2510 772 2545 sedebat
797 2510 810 2545 1
836 2511 1066 2555 praesidebat
1090 2511 1195 2546 ΣΒΒ
1268 2522 1306 2546 es
1331 2513 1371 2546 tu
1396 2511 1410 2547 1
1462 2511 1505 2547 13
1531 2511 1605 2556 ubi]
1630 2511 1682 2545 ibi
1711 2512 1744 2545 Φ
1767 2510 1830 2546 ubi
1876 2528 1878 2530 v

313 2570 407 2605 enim
431 2569 557 2614 (fuerit
583 2569 669 2603 add.
698 2570 743 2613 B)
770 2569 896 2604 ZDkB
1039 2570 1253 2616 thesaurum>
1277 2572 1380 2605 tuum
1404 2570 1449 2605 H
1566 2571 1611 2605 14
1635 2571 1673 2605 et
1697 2580 1764 2605 om.
1789 2569 1830 2604 D
1879 2583 1884 2612 2

313 2628 424 2664 uerba
446 2629 487 2663 io
559 2628 629 2662 iam
656 2627 771 2671 ZD‚B
797 2627 900 2673 (corr.
927 2639 972 2663 m.
997 2629 1080 2674 rec.)
1131 2629 1175 2664 15
1200 2629 1309 2674 mag.]
1335 2629 1480 2664 maioris
1508 2629 1540 2663 Φ
1611 2627 1830 2664 illum—tibi

313 2690 354 2722 in
376 2698 443 2732 my.
469 2686 540 2731 inf.
566 2686 598 2720 Σ
726 2686 1015 2721 illo—uersiculo
1042 2686 1055 2722 1
1174 2687 1332 2722 referens
1357 2688 1380 2722 k
1476 2688 1519 2723 16
1545 2687 1682 2732 tamen]
1709 2688 1829 2722 autem

313 2746 352 2780 D
449 2745 490 2779 17
519 2744 638 2790 coepit
663 2752 687 2779 σ
789 2744 927 2779 eiulans
953 2745 1267 2791 uocabulansquae
1291 2746 1337 2780 H
1441 2745 1528 2781 deus
1553 2746 1576 2780 k
1673 2745 1717 2781 18
1741 2745 1831 2780 haec

315 2814 393 2838 cum
419 2802 441 2837 lc

1869 3008 1871 3011 ⁴
1868 2964 1884 2998 «1³⁴
1870 2920 1884 2948 n*
1871 2783 1884 2909 <pm-mn«
