1884 3254
675 231 882 277 Epistula
906 231 1054 266 XXXIX
1079 233 1101 266 2
1561 238 1642 278 297

125 375 256 416 quum
300 362 358 404 sit
397 361 594 417 longaeui
631 361 762 416 patris
805 361 1024 403 innumera
1072 361 1226 404 delicta
1275 361 1539 405 innocentem
1589 363 1647 405 in-

123 433 297 475 fantiam
334 445 571 488 repensare:
608 434 656 474 et
693 432 814 474 dixi:
854 444 970 487 ergo
1010 432 1116 474 sine
1163 445 1312 475 causa
1354 433 1647 476 iustificaui

126 516 207 545 cor
254 515 413 546 meum
457 505 504 545 et
546 502 648 545 laui
698 502 828 545 inter
875 503 1167 546 innocentes
1206 516 1378 546 manus
1423 517 1555 546 meas
1601 507 1648 547 et

125 574 289 616 factus
336 587 442 616 sum
493 573 792 629 flagellatus
837 576 944 616 tota
986 574 1076 617 die.
1121 574 1195 618 sed
1239 587 1338 633 cum
1379 575 1482 618 haec
1532 575 1648 631 cogi·
1686 580 1707 614 5

81 647 270 697 starem,
327 645 470 687 statim
509 644 643 687 'didici
689 657 785 687 cum
828 645 1052 700 propheta:
1090 649 1151 702 ,et
1200 647 1418 701 suscepi,
1474 649 1528 688 ut
1578 659 1648 689 co·

124 728 434 771 gnoscerem;
479 716 570 758 hoc
613 715 755 758 labor
798 719 876 758 est
917 716 964 758 in
1010 719 1285 772 conspectu
1329 730 1449 769 meo,
1496 718 1648 760 donec

123 787 378 842 ingrediar
413 787 462 829 in
500 787 843 830 sanctuarium
883 787 962 830 dei
1001 790 1048 830 et
1079 788 1375 843 intellegam
1406 788 1454 830 in
1486 789 1650 831 nouis·

125 858 249 900 sima
298 871 476 902 eorum.
524 858 717 901 iudicia
756 859 867 900 enim
906 859 1065 902 domini
1110 859 1324 915 abyssus
1380 860 1538 902 multa
1587 861 1647 902 et:

125 941 148 971 o
173 929 471 984 profundum
499 929 795 972 diuitiarum
822 932 869 972 et
895 930 1178 985 sapientiae
1205 932 1254 972 et
1280 929 1528 973 scientiae
1555 930 1646 980 dei,

65 1012 101 1041 10
125 1013 268 1054 quam
298 1001 658 1043 inscrutabilia
683 1001 873 1044 iudicia
905 1001 1013 1044 eius
1042 1003 1090 1044 et
1114 1001 1511 1057 inuestigabiles
1538 1002 1648 1043 uiae

126 1071 252 1114 eius!
286 1072 421 1115 bonus
460 1074 526 1115 est
563 1072 666 1114 deus
707 1074 750 1114 et
787 1073 939 1124 omnia,
973 1085 1078 1127 quae
1109 1073 1246 1115 bonus
1278 1072 1394 1124 fecit,
1426 1072 1536 1115 bona
1567 1072 1652 1114 sint
1689 1077 1710 1111 6

125 1155 297 1186 necesse
341 1145 418 1187 est.
454 1143 594 1185 mariti
638 1143 796 1185 orbitas
840 1143 1075 1198 inrogatur:
1118 1144 1288 1200 plango,
1327 1142 1440 1198 quod
1483 1143 1650 1193 accidit,

127 1214 201 1256 sed
239 1214 337 1269 quia
374 1214 435 1256 sic
479 1214 619 1268 placet
663 1214 845 1266 domino,
885 1227 1018 1268 aequo
1056 1214 1194 1257 animo
1234 1214 1465 1257 sustinebo.
1501 1215 1654 1256 unicus

125 1286 271 1338 raptus
305 1287 370 1327 est
400 1284 533 1327 filius:
568 1285 721 1327 durum
755 1285 939 1339 quidem,
974 1285 1049 1327 sed
1079 1285 1313 1337 tolerabile,
1347 1285 1445 1339 quia
1476 1286 1653 1328 sustulit

66 1367 101 1398 15
125 1355 212 1407 ille,
239 1355 312 1409 qui
339 1355 522 1400 dederat.
551 1355 589 1398 si
614 1368 765 1398 caecus
790 1355 924 1408 fuero,
951 1356 1078 1398 amici
1106 1369 1171 1398 me
1196 1356 1323 1398 lectio
1350 1357 1650 1399 consolabitur.

126 1426 162 1469 si
195 1427 386 1469 auditum
420 1439 588 1481 quoque
621 1427 772 1469 surdae
806 1439 927 1469 aures
965 1427 1229 1482 negauerint,
1260 1427 1421 1470 uacabo
1455 1440 1478 1469 a
1514 1427 1650 1475 uitiis;

124 1498 230 1540 nihil
267 1498 383 1540 aliud
423 1498 505 1541 nisi
542 1498 761 1540 dominum
799 1498 1011 1553 cogitabo.
1049 1497 1272 1541 inminebit
1310 1510 1436 1552 super
1471 1499 1573 1541 haec
1612 1501 1654 1540 et

126 1569 230 1611 dura
253 1569 487 1623 pauperies,
513 1569 665 1625 frigus,
690 1569 867 1625 languor
891 1571 935 1612 et
959 1568 1147 1612 nuditas:
1176 1571 1402 1612 extremam
1427 1569 1652 1623 expectabo

125 1642 304 1683 mortem
331 1642 374 1683 et
391 1641 518 1684 breue
542 1641 702 1695 putabo
727 1641 901 1692 malum,
924 1641 1035 1695 quod
1059 1639 1155 1683 finis
1182 1639 1332 1682 melior
1356 1640 1653 1695 subsequetur.

127 1710 454 1763 consideremus,
481 1711 583 1766 quid
609 1710 773 1754 ethicus
798 1711 872 1754 ille
895 1711 1087 1765 psalmus
1114 1712 1254 1754 sonet:
1280 1711 1448 1753 iustus
1481 1723 1546 1761 es,
1579 1710 1653 1752 do-
1691 1715 1710 1749 7

127 1782 269 1833 mine,
309 1784 356 1824 et
392 1785 582 1825 rectum
620 1782 867 1825 iudicium
903 1784 1057 1825 tuum.
1096 1782 1175 1825 hoc
1213 1794 1296 1825 non
1334 1783 1477 1836 potest
1515 1781 1652 1824 dicere

127 1853 211 1894 nisi
245 1853 331 1906 ille,
364 1853 435 1907 qui
474 1853 527 1895 ad
564 1853 777 1904 uniuersa,
810 1866 918 1907 quae
956 1853 1129 1907 patitur,
1168 1852 1412 1909 magnificat
1450 1852 1575 1895 deum
1614 1855 1656 1895 et

128 1936 204 1966 suo
237 1924 386 1966 merito
423 1925 621 1978 inputans
665 1924 715 1966 de
754 1924 845 1966 eius
882 1924 925 1966 in
958 1923 1148 1967 aduersis
1181 1924 1404 1966 clementia
1436 1923 1652 1979 gloriatur.

128 1995 424 2038 exultauerunt
454 1996 563 2038 enim
596 1995 707 2037 filiae
739 1995 868 2038 Iudae
906 1995 947 2037 in
980 1994 1176 2037 omnibus
1212 1994 1381 2036 iudiciis
1414 1994 1586 2036 domini.
1619 1994 1656 2036 si

68 2081 76 2094 ⁶
128 2065 283 2108 Iudaea
318 2067 557 2109 ‘confessio‘
592 2067 907 2120 interpretatur,
941 2066 1144 2109 confitens
1177 2067 1317 2108 autem
1350 2065 1486 2108 omnis
1517 2065 1656 2107 anima

248 2217 270 2251 2
297 2216 378 2253 *Ps.
405 2218 461 2262 72,
490 2217 629 2253 13—14
708 2218 728 2252 5
756 2217 837 2253 *Pa
865 2217 921 2258 72,
950 2217 1089 2252 16-17
1169 2217 1190 2252 8
1216 2216 1275 2251 Ps.
1302 2217 1359 2261 35,
1386 2216 1406 2251 7
1478 2216 1656 2256 ,9-*R01n.

131 2277 187 2319 11,
214 2277 258 2312 33
331 2277 377 2313 20
402 2277 462 2312 Ps.
491 2277 570 2321 118,
598 2277 664 2313 137
738 2277 785 2312 24
813 2276 856 2313 cf.
882 2277 942 2313 Ps.
968 2277 1025 2318 96,
1053 2277 1074 2312 8

180 2360 197 2395 1
226 2360 374 2406 delicta]
400 2360 487 2396 add.
513 2360 551 2395 in
576 2360 777 2406 Zp.c.m2D
860 2361 1106 2396 innocentium
1125 2360 1209 2395 KP
1230 2361 1476 2399 innocentiam
1501 2360 1533 2395 Σ
1601 2360 1657 2394 in-

130 2419 247 2455 fantia
264 2419 349 2455 KP
368 2419 562 2455 infantium
586 2420 682 2465 Σμο.
733 2421 754 2455 3
773 2420 946 2455 nocentes
969 2420 1003 2455 Ψ
1051 2421 1075 2455 4
1094 2419 1180 2455 fact.
1200 2420 1293 2465 sum]
1314 2419 1368 2454 fui
1387 2418 1471 2454 KP
1516 2419 1538 2454 6
1557 2419 1616 2454 hic
1634 2430 1658 2463 ς

132 2480 153 2514 7
173 2489 234 2524 pr.
259 2479 297 2514 in
321 2490 390 2515 om.
413 2491 439 2525 g
583 2482 621 2515 et
646 2490 712 2515 om.
738 2479 775 2514 B
895 2479 916 2514 9
937 2490 997 2524 pr.
1025 2481 1063 2514 et
1091 2478 1176 2524 GD,
1202 2490 1269 2515 om.
1296 2482 1360 2514 cet.
1483 2478 1527 2514 10
1550 2478 1656 2513 inser.

135 2537 363 2583 G,Ba.e.m2‚
389 2538 477 2574 add.
502 2539 587 2574 sunt
612 2542 674 2574 cet.
773 2539 814 2574 11
842 2538 932 2574 facit
957 2538 1076 2581 ΣΒ,Β
1099 2550 1128 2575 8.
1155 2539 1178 2573 l.
1301 2539 1387 2573 sunt
1413 2538 1444 2573 Σ
1538 2538 1582 2573 14
1607 2536 1657 2572 fil.

131 2600 224 2644 rapt.
251 2609 282 2633 e.
307 2598 373 2633 ΣΒ
465 2598 507 2633 15
533 2598 648 2634 amice
673 2597 811 2633 amal)
915 2598 957 2633 17
984 2597 1093 2643 dom]
1121 2609 1142 2633 a
1167 2596 1226 2641 (de
1250 2608 1278 2633 a.
1306 2597 1328 2632 l.
1355 2597 1432 2642 ²112)
1458 2596 1603 2630 domino
1630 2595 1661 2630 Σ

132 2657 287 2692 inminet
314 2656 348 2692 G
371 2657 565 2692 inmineuit
588 2658 622 2701 (e
648 2656 732 2702 del.)
756 2655 814 2700 D,·
839 2655 926 2691 add.
953 2659 990 2692 et
1015 2657 1047 2692 Σ
1070 2656 1205 2702 (ema),
1231 2655 1270 2690 D
1356 2655 1399 2689 19
1426 2654 1657 2699 subsequitur

132 2715 390 2761 K‚Zp.c.m2¹l¹
414 2715 655 2762 subsequatur
679 2716 714 2750 Β
775 2715 821 2751 20
847 2715 1114 2751 consideramus
1138 2715 1178 2750 D
1252 2714 1398 2761 ethycus
1425 2714 1456 2748 Σ
1478 2716 1513 2759 (y
1538 2723 1581 2748 ex
1605 2713 1656 2755 ni)

133 2774 413 2821 prof(ph)eticus
437 2773 521 2822 ΚΨ
614 2776 720 2809 sonat
743 2773 812 2810 ΣΒ
883 2773 929 2809 22
956 2773 1138 2809 dominum
1164 2785 1188 2818 g
1267 2773 1312 2807 23
1338 2772 1374 2806 in
1401 2772 1482 2807 adu.
1509 2770 1553 2806 de
1579 2771 1655 2806 eius

135 2833 203 2869 ΣΒ
297 2834 335 2868 in
359 2845 427 2869 om.
454 2834 488 2868 B
561 2833 607 2869 24
633 2833 760 2868 iudeae
786 2832 1013 2878 K‚Y‘p.c.m2
1086 2833 1132 2868 25
1158 2831 1244 2867 iuda
1268 2831 1307 2866 D
