1884 3254
86 1011 122 1040 10

87 1365 122 1395 15

680 233 885 279 Epistula
908 233 1023 269 XLVI
1048 233 1142 269 3-4
1588 239 1677 280 333

207 364 248 404 4.
281 363 532 405 Iamdudum
564 365 607 405 te
640 362 880 417 cupientem
911 363 954 405 in
986 363 1117 406 uerba
1146 376 1417 419 prorumpere
1447 365 1531 418 ipsi
1560 365 1674 407 litte·

147 446 286 476 rarum
326 433 467 488 apices
498 433 696 476 sentiunt
738 435 782 476 et
817 433 1057 477 uenientem
1095 436 1239 477 contra
1277 435 1421 478 charta
1463 435 1679 491 intellegit

147 504 453 559 quaestionem.
497 504 752 558 respondeas
797 504 952 558 quippe
997 506 1039 547 et
1082 504 1197 547 dicas
1234 505 1337 548 haec
1381 505 1481 548 olim
1525 506 1675 557 fuisse,

146 574 311 629 quando
361 574 508 617 dilexit
550 574 744 617 dominus
789 578 932 629 portas
978 574 1077 618 Sion
1128 588 1256 630 super
1298 576 1438 619 omnia
1486 577 1675 619 taberna-

148 645 244 687 cula
285 645 411 688 Iacob
456 646 499 687 et
540 645 713 687 fuerunt
755 645 1027 688 fundamenta
1071 646 1162 688 eius
1206 646 1248 688 in
1290 646 1507 689 montibus
1558 659 1676 690 sanc-

145 715 202 758 tis
235 740 292 746 —-
322 716 424 759 licet
454 717 497 758 et
534 715 639 759 haec
675 717 844 771 possint
881 717 1009 760 altius
1046 717 1312 772 interpretari
1343 742 1414 770 —,
1446 720 1673 774 postquam

145 799 246 829 uero
291 787 583 842 consurgentis
629 787 787 830 domini
830 801 910 831 uox
952 788 1028 831 illa
1069 789 1301 842 pertonuit:
1348 802 1469 833 ecce
1514 789 1673 832 relin-

147 859 344 912 quetur
374 858 531 900 uobis
572 858 758 902 domus
797 861 983 902 uestra
1021 859 1239 902 deserta
1280 862 1322 902 et
1357 860 1556 903 flebiliter
1585 860 1670 903 rui-

144 941 239 970 nam
268 929 403 984 ipsius
428 929 701 984 prophetauit
726 929 888 972 dicens:
914 930 1275 982 Hierusalem,
1308 931 1673 983 Hierusalem,

147 1013 279 1054 quae
318 1000 523 1043 occidis
563 1001 858 1056 prophetas
897 1003 948 1044 et
983 1001 1199 1055 lapidas
1238 1014 1341 1055 eos,
1381 1002 1471 1057 qui
1516 1002 1575 1044 ad
1619 1004 1673 1044 te

146 1071 472 1122 missisunt,
509 1072 764 1126 quotiens
796 1072 951 1115 uolui
984 1085 1316 1129 congregare
1353 1073 1514 1116 filios
1547 1075 1670 1116 tuos

149 1142 297 1184 sicut
346 1142 556 1198 gallina
597 1142 784 1197 pullos
836 1143 932 1185 sub
985 1144 1100 1186 alas
1146 1156 1286 1196 suas,
1326 1146 1380 1186 et
1421 1144 1669 1187 noluisti.

148 1225 267 1255 ecce
313 1213 630 1255 dimittetur
672 1214 829 1256 uobis
881 1214 1065 1257 domus
1116 1217 1306 1257 uestra
1357 1215 1574 1258 deserta
1617 1217 1672 1267 et,

146 1285 370 1338 postquam
404 1284 547 1326 uelum
583 1285 734 1338 templi
771 1285 956 1327 scissum
995 1287 1060 1327 est
1096 1287 1139 1328 et
1177 1286 1438 1329 circumdata
1475 1286 1525 1328 ab
1566 1298 1675 1328 exer-

147 1354 234 1396 citu
260 1354 529 1397 Hierusalem
562 1356 604 1397 et
636 1355 846 1397 dominico
880 1368 1026 1398 cruore
1057 1356 1230 1407 uiolata,
1262 1359 1362 1399 tunc
1395 1356 1445 1399 ab
1473 1369 1521 1399 ea
1547 1357 1676 1399 etiam

147 1425 392 1480 angelorum
434 1425 646 1479 praesidia
689 1429 747 1470 et,
775 1426 934 1469 Christi
979 1427 1158 1482 gratiam
1202 1427 1450 1477 recessisse;
1497 1426 1675 1481 denique
1711 1430 1736 1465 2

148 1496 275 1538 etiam
310 1496 554 1551 Iosephum,
594 1497 667 1550 qui
704 1497 959 1539 uernaculus
993 1497 1172 1552 scriptor
1211 1500 1275 1540 est
1305 1497 1573 1549 Iudaeorum,
1607 1497 1675 1539 ad-

146 1578 282 1608 serere
325 1566 400 1610 illo
443 1569 648 1621 tempore,
694 1580 776 1622 quo
817 1567 1039 1610 crucifixus
1087 1569 1153 1610 est
1197 1568 1406 1618 dominus,
1451 1581 1499 1611 ex
1536 1567 1675 1623 adytis

143 1637 294 1692 templi
325 1637 535 1680 uirtutum
567 1638 818 1680 caelestium
851 1639 1040 1692 erupisse
1066 1651 1217 1682 uocem
1244 1639 1494 1682 dicentium:
1529 1641 1677 1682 ‘trans-

144 1708 376 1762 migremus
415 1720 462 1750 ex
498 1708 564 1750 his
610 1708 815 1761 sedibus',
852 1721 899 1751 ex
937 1709 1092 1763 quibus
1137 1711 1180 1751 et
1217 1709 1310 1752 aliis
1351 1722 1563 1764 apparere,
1601 1709 1676 1751 u'bi

143 1777 377 1820 abundauit
413 1778 560 1834 gratia,
597 1779 657 1820 ibi
695 1779 1062 1833 superabundasse
1100 1782 1342 1835 peccatum3
1377 1782 1420 1823 et
1449 1782 1675 1835 postquam
1713 1786 1737 1820 3

143 1849 367 1891 audierunt
398 1849 597 1903 apostoli:
639 1852 829 1893 euntes
868 1863 991 1906 ergo
1031 1851 1222 1894 docete
1265 1863 1444 1894 omnes
1485 1853 1674 1906 gentes

145 1922 187 1961 et
216 1919 299 1974 ipsi
331 1920 514 1976 apostoli
547 1920 757 1963 dixerunt:
799 1922 1088 1979 oportebat
1127 1922 1341 1976 quidem
1382 1923 1536 1966 uobis
1575 1923 1675 1977 pri-

262 2083 285 2117 4
305 2081 349 2118 cf.
369 2082 428 2117 Ps.
455 2083 512 2124 86,
539 2083 560 2117 2
620 2084 640 2117 5
668 2083 712 2118 cf.
737 2083 796 2118 Ps.
824 2083 881 2127 86,
910 2084 927 2118 1
988 2084 1007 2119 7
1033 2083 1164 2119 Matth.
1191 2084 1247 2125 23,
1276 2083 1321 2119 38
1349 2085 1416 2119 etc.
1472 2083 1494 2119 9
1519 2083 1670 2119 *Matth.

142 2141 199 2186 23,
225 2142 367 2177 37—38
394 2144 461 2177 etc.
513 2142 557 2177 14
584 2141 629 2177 cf.
654 2141 786 2177 Matth.
814 2143 871 2184 27,
897 2142 940 2177 51
971 2145 1037 2178 etc.
1091 2142 1133 2178 17
1161 2142 1205 2177 cf.
1233 2142 1375 2188 Ioseph.
1403 2143 1488 2179 bell.
1512 2142 1592 2179 Iud.
1617 2143 1669 2178 VI

143 2202 176 2245 5,
201 2201 223 2236 3
296 2201 343 2237 20
369 2201 414 2237 cf.
438 2200 539 2236 Rom.
566 2202 599 2244 5,
625 2201 671 2237 20
744 2202 791 2236 22
815 2201 947 2237 Matth.
974 2201 1031 2244 28,
1061 2202 1104 2237 19
1178 2202 1223 2237 23
1250 2200 1350 2237 *Aea
1378 2202 1435 2247 13,
1459 2202 1506 2257 516

192 2296 208 2330 1
238 2296 406 2341 cupiente
429 2295 474 2331 K
496 2296 683 2342 cupientes
708 2296 814 2332 Aac
961 2297 982 2330 2
1015 2296 1185 2332 ueniente
1210 2297 1246 2332 A
1392 2299 1516 2332 contra
1541 2307 1609 2333 om.
1635 2297 1671 2331 A

144 2357 243 2389 carta
271 2353 342 2390 GA
369 2357 468 2389 carta
484 2354 521 2388 Β
547 2355 707 2390 cartham
727 2354 770 2389 K
838 2354 1032 2400 intelleget
1050 2355 1086 2390 Β
1135 2355 1157 2390 3
1181 2354 1420 2401 respondebis
1438 2367 1463 2400 g
1536 2355 1631 2391 dices
1651 2366 1676 2400 g

143 2413 212 2448 hoc
229 2424 254 2458 ς
303 2414 323 2448 6
346 2416 383 2449 et
402 2424 469 2448 om.
488 2413 522 2449 G
594 2416 748 2460 possunt
771 2413 805 2449 G
853 2415 874 2449 7
894 2425 981 2450 uera
999 2414 1035 2448 Β
1108 2414 1342 2460 consurgenti
1359 2414 1396 2449 A
1469 2425 1551 2450 ecce
1571 2425 1676 2459 oms

143 2472 166 2507 9
192 2472 268 2507 eius
293 2483 318 2517 g
374 2473 418 2508 10
444 2472 577 2508 occidit
601 2473 638 2507 B
664 2472 830 2508 occidisti
854 2473 899 2508 K
969 2484 1028 2508 eas
1048 2473 1084 2508 Β
1139 2473 1184 2507 12
1210 2473 1311 2519 gall.]
1339 2472 1427 2508 add.
1453 2475 1674 2518 congraegat

143 2531 189 2567 K
256 2532 320 2566 sub
341 2532 385 2568 al.
407 2532 505 2577 suas]
524 2542 608 2567 suos
635 2532 700 2567 sub
727 2532 802 2567 alas
822 2543 906 2567 suas
925 2531 970 2567 K
984 2543 1067 2567 suos
1087 2532 1153 2567 sub
1175 2532 1242 2567 alis
1260 2543 1285 2577 g
1347 2533 1390 2567 13
1412 2532 1617 2567 demittitur
1634 2531 1679 2567 K

147 2590 191 2625 14
216 2591 423 2636 postquam]
449 2593 532 2636 post
556 2591 593 2625 A
697 2591 740 2626 15
768 2591 903 2626 domini
927 2591 972 2626 K
1072 2591 1115 2626 16
1141 2592 1261 2636 gratia
1284 2591 1322 2625 Β
1419 2591 1462 2626 17
1488 2591 1674 2636 ioseppum

146 2651 220 2693 (pr.
245 2661 268 2695 p
295 2650 390 2695 exp.)
415 2650 450 2684 A
475 2650 600 2695 ioseph
626 2650 721 2685 hunc
744 2650 790 2685 K
858 2651 1089 2687 uernaculum
1107 2650 1143 2684 A
1195 2649 1238 2686 18
1265 2650 1320 2695 ex]
1349 2651 1385 2684 et
1410 2650 1446 2684 Β
1519 2649 1615 2695 adyt.
1639 2649 1675 2685 G

147 2708 236 2743 adit.
261 2713 325 2744 cet.
418 2710 461 2744 19
487 2720 575 2744 uoce
601 2709 637 2743 B
662 2720 769 2745 uoces
793 2720 818 2754 ς
906 2709 952 2745 20
979 2712 1017 2745 et
1042 2721 1111 2745 om.
1136 2709 1173 2744 A
1275 2709 1317 2743 21
1346 2709 1501 2754 gratiam
1526 2708 1674 2744 Ka.e.A

147 2766 198 2801 ibi
223 2777 291 2802 om.
316 2767 353 2801 B
460 2766 795 2812 superhabundauit
818 2769 855 2803 Β
957 2770 1071 2814 pecc]
1098 2768 1241 2812 reliqua
1266 2778 1333 2803 om.
1359 2767 1395 2802 A
1516 2767 1561 2802 22
1588 2778 1675 2813 ergo

148 2837 216 2862 om.
242 2825 319 2860 KB
391 2825 436 2861 23
464 2828 500 2861 et
525 2837 592 2863 om.
618 2826 655 2860 Β
753 2826 908 2863 dixerint
931 2828 967 2863 Β
1065 2828 1148 2862 uob.
1175 2838 1234 2872 qu.
1260 2827 1304 2862 K
