1884 3254
8 611 9 614 ¹
49 633 69 661 ⁶

544 207 748 253 Epistula
773 207 889 242 XXVI
914 207 1121 243 3-xxvl1
1150 209 1164 241 1
1534 213 1619 253 223

154 339 192 380 5.
221 337 379 379 Vellem
407 336 486 379 tibi
512 336 670 390 aliquid
698 338 741 378 et
767 336 817 379 de
844 336 1119 390 diapsalmate
1147 337 1341 388 scribere,
1371 339 1482 392 quod
1510 339 1619 393 apud

96 408 307 450 Hebraeos
346 407 500 450 dicitur
537 408 638 456 sela,
672 410 714 448 et
751 407 801 449 de
834 407 969 461 ephod
1010 411 1052 449 et
1084 408 1134 450 de
1167 421 1230 458 eo,
1265 408 1375 462 quod
1408 409 1449 450 in
1483 410 1622 451 cuius-

94 478 188 520 dam
221 478 374 532 psalmi
405 478 530 520 titulo
563 478 742 520 habetur
766 490 839 531 pro
868 478 1064 528 ‘aieleth’,
1093 482 1136 520 et
1161 479 1312 521 ceteris
1338 479 1466 521 istius
1492 480 1621 529 modi,

94 549 175 591 nisi
207 551 249 591 et
278 548 449 591 modum
484 548 694 602 epistolici
721 548 972 590 characteris
1001 549 1241 591 excederem
1267 552 1310 591 et
1334 550 1413 591 tibi
1447 550 1622 592 auidita-

94 622 179 661 tem
223 619 358 675 magis
403 619 557 661 dilatae
601 619 799 660 deberent
848 619 984 661 facere
1035 620 1316 673 quaestiones.
1359 621 1504 662 tritum
1558 624 1622 663 est

32 701 35 702 ’
95 690 248 744 quippe
284 690 553 744 prouerbium
592 690 804 732 ultroneas
843 693 990 744 putere
1029 703 1203 733 merces.
1235 692 1346 733 unde
1385 693 1428 733 et
1457 705 1533 734 nos
1571 691 1622 733 de

32 1087 68 1114 10

91 760 299 803 industria
342 760 519 802 dicenda
560 761 802 810 reticemus,
846 763 896 803 ut
940 761 1108 804 auidius
1153 761 1262 803 uelis
1309 762 1466 812 audire,
1513 774 1620 816 quae

93 831 222 873 tacita
254 833 365 874 sunt.

772 970 944 1012 XXVII.

622 1066 697 1107 AD
731 1064 1093 1108 MARCELLAM.

155 1159 190 1201 1.
222 1159 327 1201 Post
356 1159 537 1214 priorem
572 1159 811 1212 epistulam,
837 1159 878 1200 in
906 1172 988 1213 qua
1014 1159 1063 1200 de
1089 1158 1293 1201 Hebraeis
1320 1159 1461 1202 uerbis
1487 1172 1622 1213 pauca

92 1229 428 1283 perstrinxeram,
463 1229 514 1272 ad
551 1242 618 1271 me
655 1232 825 1283 repente
865 1230 1074 1285 perlatum
1111 1233 1176 1271 est
1210 1229 1411 1283 quosdam
1446 1230 1619 1272 homun-

211 1380 233 1414 2
261 1379 303 1414 cf.
330 1379 390 1414 Ps.
416 1379 518 1420 21,1

142 1461 159 1496 1
187 1462 309 1496 uellim
335 1461 379 1496 K
401 1462 509 1496 uelim
540 1461 571 1507 Q
643 1460 794 1506 aliquid]
821 1472 849 1496 s.
877 1461 899 1497 l.
926 1464 990 1495 m2
1013 1461 1063 1504 K,
1090 1471 1158 1498 om.
1187 1459 1218 1505 Q
1291 1460 1492 1506 diapsalma
1516 1461 1620 1504 IIp.c.

93 1520 313 1556 diabsalmae
329 1520 362 1555 J
431 1520 526 1565 quod
551 1531 580 1555 s.
607 1520 631 1555 l.
655 1519 685 1564 Q
734 1521 755 1555 2
776 1520 945 1556 scribitur
964 1519 1040 1554 HD
1114 1521 1188 1566 sela
1208 1519 1253 1554 N
1312 1529 1374 1564 pr.
1396 1519 1439 1554 de
1459 1530 1527 1554 om.
1547 1519 1622 1565 KQ

92 1579 175 1615 efod
201 1579 276 1625 KQ
301 1579 414 1624 ephot
438 1578 489 1613 Β2
579 1579 601 1614 3
627 1579 777 1624 aieleth]
804 1579 961 1613 melecht
987 1578 1062 1623 KQ
1086 1578 1221 1613 meleth
1247 1578 1287 1612 II
1308 1578 1447 1612 melech
1475 1577 1626 1620 2DN,J

93 1639 198 1683 (corr.
227 1638 414 1682 amelech),
442 1638 575 1673 amelec
603 1639 695 1679 (elec
720 1638 762 1672 in
785 1648 860 1672 ras.
887 1638 962 1680 m2)
982 1635 1033 1671 Β2
1100 1636 1256 1671 et—nisi
1283 1647 1349 1671 om.
1377 1636 1453 1670 HD
1526 1643 1621 1670 cete·
1652 1670 1655 1673 Α

91 1709 210 1733 rorum
236 1699 269 1733 Σ
361 1698 466 1732 huius
491 1697 535 1731 N
602 1699 624 1732 4
653 1697 842 1742 epistolica
869 1698 964 1732 Σα.σ.
991 1696 1183 1742 apostolici
1208 1695 1252 1730 N
1351 1695 1541 1730 caracteris
1565 1699 1622 1738 (ex

92 1769 149 1791 -es
173 1757 246 1803 JZ)
271 1757 374 1792 codd.
449 1759 470 1792 5
497 1757 631 1791 debent
657 1757 761 1801 Πρω
789 1756 954 1792 deberem
981 1756 1024 1791 K
1046 1758 1135 1801 (-ret
1159 1756 1248 1802 m2),
1272 1755 1302 1801 Q
1399 1756 1622 1800 quaestionis

91 1815 167 1861 KQ
239 1817 378 1860 tritum]
403 1818 546 1850 tantum
571 1815 604 1850 J
671 1817 804 1861 quippe
825 1818 879 1851 est
898 1815 937 1850 D
985 1817 1006 1851 6
1033 1818 1119 1861 pute
1139 1816 1237 1850 Em.
1265 1819 1390 1860 putare
1410 1814 1621 1858 N,Jp.c.m2

23 1908 25 1910 .
95 1876 114 1909 7
142 1874 285 1909 dicendi
312 1874 495 1919 HDz’pae.
593 1874 803 1910 reticuimus
829 1873 903 1919 KQ
975 1874 996 1909 8
1022 1875 1150 1919 tacita]
1180 1877 1238 1908 tac
1263 1873 1307 1907 N

379 2007 629 2059 Spinaliensie
657 2016 708 2049 68
731 2025 760 2048 s.
792 2013 906 2048 VIII.

381 2072 633 2108 Berolinensis
659 2073 723 2107 lat.
751 2074 798 2107 17
821 2083 849 2107 s.
874 2072 949 2106 IX.

383 2132 612 2167 Coloniensis
638 2133 688 2166 35
711 2143 740 2166 8.
767 2131 840 2166 IX.

381 2190 590 2226 Turicensis
621 2191 811 2236 Auqiensis
838 2192 889 2226 49
913 2201 942 2226 s.
967 2189 1041 2225 IX.

387 2249 593 2284 Vaticanus
618 2250 684 2284 lat.
714 2252 792 2284 355
817 2249 863 2294 -l-
891 2252 972 2284 356
995 2260 1023 2284 s.
1049 2249 1209 2284 IX—X.

382 2308 592 2344 Casinensis
618 2310 697 2343 295
721 2319 750 2343 s.
776 2308 823 2343 X.

379 2367 590 2402 Duacensis
615 2369 697 2402 247
720 2379 746 2402 s.
774 2367 847 2402 XI.

375 2426 629 2461 Berolinensis
654 2426 719 2461 lat.
746 2428 792 2460 18
817 2437 845 2460 s.
872 2425 969 2460 XII.

236 2014 280 2460 wezbzfflhnm

305 2442 349 2455 Η
308 2383 353 2397 ΙΙ
307 2325 351 2338 ΙΙ
310 2266 354 2279 ΙΙ
305 2207 349 2220 ΙΙ
309 2149 353 2162 ΙΙ
310 2089 354 2102 ll
307 2030 351 2044 ll

144 2565 188 2600 10
214 2564 260 2599 ad
286 2564 437 2600 eandem
463 2563 681 2607 (marcellam
713 2563 756 2608 Q)
783 2575 854 2599 non
879 2563 1036 2609 tempori
1062 2563 1125 2597 sed
1152 2562 1295 2597 domino
1323 2563 1524 2596 seruientes
1544 2561 1618 2606 KQ

23 2661 30 2667 ,
94 2623 141 2658 ad
171 2623 375 2658 marcellam
408 2622 469 2668 (ad
501 2634 608 2658 marc.
640 2634 710 2659 om.
742 2623 795 2667 II)
829 2623 871 2657 de
911 2622 1173 2657 detractoribus
1205 2623 1279 2656 suis
1311 2620 1460 2655 ALIID
1497 2627 1619 2654 contra

18 2678 25 2710 -’
93 2684 359 2718 obtrectatores
391 2693 475 2716 suos
507 2681 551 2717 ad
583 2683 788 2717 marcellam
816 2682 859 2718 N
885 2682 929 2717 ad
962 2681 1110 2716 eandem
1145 2681 1188 2715 de
1216 2678 1520 2715 obtrectatoribus
1546 2678 1619 2712 suis

95 2741 147 2779 B:
171 2741 390 2787 Hieronymi
413 2751 545 2788 nomen
569 2741 739 2776 exhibent
764 2740 865 2776 tituli
889 2741 931 2775 in
952 2739 1170 2784 ALDNQB
1219 2740 1258 2773 11
1287 2738 1397 2772 uerba
1422 2738 1468 2775 A,
1494 2746 1562 2771 om.
1581 2735 1620 2772 N

98 2801 142 2835 12
169 2806 222 2835 est
249 2803 289 2834 ut
314 2799 352 2834 K
450 2800 625 2844 quaedam
653 2800 685 2833 L
