<?xml version="1.0" encoding="UTF-8"?>
<!DOCTYPE html PUBLIC "-//W3C//DTD XHTML 1.0 Transitional//EN"
    "http://www.w3.org/TR/xhtml1/DTD/xhtml1-transitional.dtd">
<html xmlns="http://www.w3.org/1999/xhtml" xml:lang="en" lang="en">
 <head>
  <title>
</title>
<meta http-equiv="Content-Type" content="text/html;charset=utf-8" />
  <meta name='ocr-system' content='tesseract 3.04.00' />
  <meta name='ocr-capabilities' content='ocr_page ocr_carea ocr_par ocr_line ocrx_word'/>
</head>
<body>
  <div class='ocr_page' id='page_1' title='image "./corpusscriptorum54stuoft_0124.png"; bbox 0 0 1884 3254; ppageno 0'>
   <div class='ocr_carea' id='block_1_1' title="bbox 259 228 1231 274">
    <p class='ocr_par' dir='ltr' id='par_1_1' title="bbox 259 228 1231 274">
     <span class='ocr_line' id='line_1_1' title="bbox 259 228 1231 274; baseline -0.011 -1"><span class='ocrx_word' id='word_1_1' title='bbox 259 232 344 274; x_wconf 89' lang='lat'>110</span> <span class='ocrx_word' id='word_1_2' title='bbox 802 229 952 264; x_wconf 78' lang='lat' dir='ltr'><strong>Sancti</strong></span> <span class='ocrx_word' id='word_1_3' title='bbox 978 228 1231 274; x_wconf 84' lang='lat' dir='ltr'><strong>Hieronymi</strong></span> 
     </span>
    </p>
   </div>
   <div class='ocr_carea' id='block_1_2' title="bbox 230 357 1864 1526">
    <p class='ocr_par' dir='ltr' id='par_1_2' title="bbox 230 357 1840 962">
     <span class='ocr_line' id='line_1_2' title="bbox 258 357 1777 414; baseline 0 -13"><span class='ocrx_word' id='word_1_4' title='bbox 258 371 427 414; x_wconf 87' lang='lat' dir='ltr'>spera,</span> <span class='ocrx_word' id='word_1_5' title='bbox 473 359 715 408; x_wconf 89' lang='lat' dir='ltr'>obsecro;</span> <span class='ocrx_word' id='word_1_6' title='bbox 759 358 1097 409; x_wconf 89' lang='lat' dir='ltr'>benedictus,</span> <span class='ocrx_word' id='word_1_7' title='bbox 1142 357 1231 410; x_wconf 91' lang='lat' dir='ltr'>qui</span> <span class='ocrx_word' id='word_1_8' title='bbox 1269 357 1422 399; x_wconf 90' lang='lat' dir='ltr'>uenit</span> <span class='ocrx_word' id='word_1_9' title='bbox 1462 357 1513 399; x_wconf 92' lang='lat' dir='ltr'>in</span> <span class='ocrx_word' id='word_1_10' title='bbox 1563 358 1777 401; x_wconf 86' lang='lat' dir='ltr'>nomine</span> 
     </span>
     <span class='ocr_line' id='line_1_3' title="bbox 257 427 1774 491; baseline 0.001 -20"><span class='ocrx_word' id='word_1_11' title='bbox 257 428 472 471; x_wconf 89' lang='lat' dir='ltr'>domini.</span> <span class='ocrx_word' id='word_1_12' title='bbox 504 429 700 471; x_wconf 84' lang='lat' dir='ltr'>‘saluum&#39;</span> <span class='ocrx_word' id='word_1_13' title='bbox 730 430 871 470; x_wconf 86' lang='lat' dir='ltr'>autem</span> <span class='ocrx_word' id='word_1_14' title='bbox 902 428 996 470; x_wconf 85' lang='lat' dir='ltr'>‘fac‘</span> <span class='ocrx_word' id='word_1_15' title='bbox 1028 427 1196 491; x_wconf 59' lang='lat' dir='ltr'>dicitur,</span> <span class='ocrx_word' id='word_1_16' title='bbox 1222 429 1271 468; x_wconf 90' lang='lat' dir='ltr'>ut</span> <span class='ocrx_word' id='word_1_17' title='bbox 1302 427 1605 471; x_wconf 80' lang='lat' dir='ltr'><strong>subaudiamus</strong></span> <span class='ocrx_word' id='word_1_18' title='bbox 1629 432 1774 483; x_wconf 76' lang='lat' dir='ltr'>‘popu-</span> 
     </span>
     <span class='ocr_line' id='line_1_4' title="bbox 256 497 1804 552; baseline 0 -10"><span class='ocrx_word' id='word_1_19' title='bbox 256 499 346 542; x_wconf 90' lang='lat' dir='ltr'>lum</span> <span class='ocrx_word' id='word_1_20' title='bbox 371 501 495 542; x_wconf 90' lang='lat' dir='ltr'>tuum</span> <span class='ocrx_word' id='word_1_21' title='bbox 518 500 692 543; x_wconf 86' lang='lat' dir='ltr'>Israhel&#39;</span> <span class='ocrx_word' id='word_1_22' title='bbox 716 499 807 541; x_wconf 86' lang='lat' dir='ltr'>siue</span> <span class='ocrx_word' id='word_1_23' title='bbox 834 498 1082 552; x_wconf 80' lang='lat' dir='ltr'>generaliter</span> <span class='ocrx_word' id='word_1_24' title='bbox 1101 497 1344 539; x_wconf 82' lang='lat' dir='ltr'>‘mundum&#39;.</span> <span class='ocrx_word' id='word_1_25' title='bbox 1365 497 1543 551; x_wconf 87' lang='lat' dir='ltr'>denique</span> <span class='ocrx_word' id='word_1_26' title='bbox 1561 498 1772 551; x_wconf 69' lang='lat' dir='ltr'>Mathone,</span> <span class='ocrx_word' id='word_1_27' title='bbox 1802 529 1804 531; x_wconf 92' lang='lat'>-</span> 
     </span>
     <span class='ocr_line' id='line_1_5' title="bbox 258 567 1775 624; baseline 0 -12"><span class='ocrx_word' id='word_1_28' title='bbox 258 570 331 624; x_wconf 90' lang='lat' dir='ltr'>qui</span> <span class='ocrx_word' id='word_1_29' title='bbox 363 570 627 624; x_wconf 88' lang='lat' dir='ltr'>euangelium</span> <span class='ocrx_word' id='word_1_30' title='bbox 654 569 844 611; x_wconf 87' lang='lat' dir='ltr'>Hebraeo</span> <span class='ocrx_word' id='word_1_31' title='bbox 877 580 1066 610; x_wconf 84' lang='lat' dir='ltr'>sermone</span> <span class='ocrx_word' id='word_1_32' title='bbox 1099 567 1364 622; x_wconf 81' lang='lat' dir='ltr'>conscripsit,</span> <span class='ocrx_word' id='word_1_33' title='bbox 1391 568 1451 610; x_wconf 88' lang='lat' dir='ltr'>ita</span> <span class='ocrx_word' id='word_1_34' title='bbox 1475 568 1641 623; x_wconf 84' lang='lat' dir='ltr'><strong>posuit:</strong></span> <span class='ocrx_word' id='word_1_35' title='bbox 1665 569 1775 612; x_wconf 79' lang='lat' dir='ltr'>‘osi-</span> 
     </span>
     <span class='ocr_line' id='line_1_6' title="bbox 259 638 1840 693; baseline -0.001 -11"><span class='ocrx_word' id='word_1_36' title='bbox 259 653 382 682; x_wconf 83' lang='lat' dir='ltr'><strong>anna</strong></span> <span class='ocrx_word' id='word_1_37' title='bbox 411 639 662 683; x_wconf 83' lang='lat' dir='ltr'>barrama’.</span> <span class='ocrx_word' id='word_1_38' title='bbox 689 638 732 680; x_wconf 92' lang='lat' dir='ltr'>id</span> <span class='ocrx_word' id='word_1_39' title='bbox 758 641 824 680; x_wconf 88' lang='lat' dir='ltr'>est</span> <span class='ocrx_word' id='word_1_40' title='bbox 848 639 1048 680; x_wconf 88' lang='lat' dir='ltr'>‘osanna</span> <span class='ocrx_word' id='word_1_41' title='bbox 1077 638 1124 679; x_wconf 90' lang='lat' dir='ltr'>in</span> <span class='ocrx_word' id='word_1_42' title='bbox 1152 638 1398 691; x_wconf 84' lang='lat' dir='ltr'>excelsis’‚</span> <span class='ocrx_word' id='word_1_43' title='bbox 1426 639 1538 693; x_wconf 91' lang='lat' dir='ltr'>quod</span> <span class='ocrx_word' id='word_1_44' title='bbox 1564 640 1774 683; x_wconf 77' lang='lat' dir='ltr'>saluatore</span> <span class='ocrx_word' id='word_1_45' title='bbox 1814 652 1840 680; x_wconf 59' lang='grc' dir='ltr'><strong>δ</strong></span> 
     </span>
     <span class='ocr_line' id='line_1_7' title="bbox 256 708 1776 764; baseline 0.001 -13"><span class='ocrx_word' id='word_1_46' title='bbox 256 711 453 752; x_wconf 87' lang='lat' dir='ltr'>nascente</span> <span class='ocrx_word' id='word_1_47' title='bbox 484 709 598 751; x_wconf 89' lang='lat' dir='ltr'>salus</span> <span class='ocrx_word' id='word_1_48' title='bbox 629 709 670 750; x_wconf 89' lang='lat' dir='ltr'>in</span> <span class='ocrx_word' id='word_1_49' title='bbox 704 709 866 750; x_wconf 88' lang='lat' dir='ltr'>caelum</span> <span class='ocrx_word' id='word_1_50' title='bbox 897 720 1045 761; x_wconf 87' lang='lat' dir='ltr'>usque,</span> <span class='ocrx_word' id='word_1_51' title='bbox 1076 708 1119 749; x_wconf 90' lang='lat' dir='ltr'>id</span> <span class='ocrx_word' id='word_1_52' title='bbox 1153 710 1220 750; x_wconf 89' lang='lat' dir='ltr'>est</span> <span class='ocrx_word' id='word_1_53' title='bbox 1251 708 1378 750; x_wconf 88' lang='lat' dir='ltr'>etiam</span> <span class='ocrx_word' id='word_1_54' title='bbox 1405 709 1457 751; x_wconf 91' lang='lat' dir='ltr'>ad</span> <span class='ocrx_word' id='word_1_55' title='bbox 1481 710 1660 762; x_wconf 84' lang='lat' dir='ltr'>excelsa,</span> <span class='ocrx_word' id='word_1_56' title='bbox 1684 721 1776 764; x_wconf 88' lang='lat' dir='ltr'>per-</span> 
     </span>
     <span class='ocr_line' id='line_1_8' title="bbox 230 776 1775 835; baseline 0.001 -14"><span class='ocrx_word' id='word_1_57' title='bbox 230 776 416 821; x_wconf 72' lang='lat' dir='ltr'>&#39;uenerit</span> <span class='ocrx_word' id='word_1_58' title='bbox 440 791 541 833; x_wconf 85' lang='lat' dir='ltr'>pace</span> <span class='ocrx_word' id='word_1_59' title='bbox 571 779 683 821; x_wconf 86' lang='lat' dir='ltr'>faeta</span> <span class='ocrx_word' id='word_1_60' title='bbox 714 791 795 821; x_wconf 91' lang='lat' dir='ltr'>non</span> <span class='ocrx_word' id='word_1_61' title='bbox 826 778 963 820; x_wconf 87' lang='lat' dir='ltr'>solum</span> <span class='ocrx_word' id='word_1_62' title='bbox 995 778 1037 820; x_wconf 88' lang='lat' dir='ltr'>in</span> <span class='ocrx_word' id='word_1_63' title='bbox 1069 780 1191 830; x_wconf 86' lang='lat' dir='ltr'>terra,</span> <span class='ocrx_word' id='word_1_64' title='bbox 1223 779 1299 821; x_wconf 91' lang='lat' dir='ltr'>sed</span> <span class='ocrx_word' id='word_1_65' title='bbox 1326 782 1368 822; x_wconf 90' lang='lat' dir='ltr'>et</span> <span class='ocrx_word' id='word_1_66' title='bbox 1391 779 1434 821; x_wconf 91' lang='lat' dir='ltr'>in</span> <span class='ocrx_word' id='word_1_67' title='bbox 1461 781 1598 835; x_wconf 56' lang='lat' dir='ltr'>eaelo2</span> <span class='ocrx_word' id='word_1_68' title='bbox 1617 782 1667 823; x_wconf 87' lang='lat' dir='ltr'>ut</span> <span class='ocrx_word' id='word_1_69' title='bbox 1689 780 1775 824; x_wconf 81' lang='lat' dir='ltr'>iam</span> 
     </span>
     <span class='ocr_line' id='line_1_9' title="bbox 257 849 1775 907; baseline 0.001 -15"><span class='ocrx_word' id='word_1_70' title='bbox 257 849 341 892; x_wconf 91' lang='lat' dir='ltr'>dici</span> <span class='ocrx_word' id='word_1_71' title='bbox 365 849 588 904; x_wconf 87' lang='lat' dir='ltr'>aliquando</span> <span class='ocrx_word' id='word_1_72' title='bbox 615 851 816 891; x_wconf 89' lang='lat' dir='ltr'>cessaret:</span> <span class='ocrx_word' id='word_1_73' title='bbox 843 849 1153 892; x_wconf 87' lang='lat' dir='ltr'>inebriatus</span> <span class='ocrx_word' id='word_1_74' title='bbox 1181 852 1264 892; x_wconf 88' lang='lat' dir='ltr'>est</span> <span class='ocrx_word' id='word_1_75' title='bbox 1294 850 1513 907; x_wconf 85' lang='lat' dir='ltr'><strong>gladius</strong></span> <span class='ocrx_word' id='word_1_76' title='bbox 1545 864 1692 894; x_wconf 88' lang='lat' dir='ltr'>meus</span> <span class='ocrx_word' id='word_1_77' title='bbox 1722 851 1775 894; x_wconf 84' lang='lat' dir='ltr'>in</span> 
     </span>
     <span class='ocr_line' id='line_1_10' title="bbox 258 920 1770 962; baseline -0.003 -1"><span class='ocrx_word' id='word_1_78' title='bbox 258 920 421 962; x_wconf 87' lang='lat' dir='ltr'>caelo.</span> <span class='ocrx_word' id='word_1_79' title='bbox 1741 923 1770 957; x_wconf 85' lang='grc'>.·</span> 
     </span>
    </p>

    <p class='ocr_par' dir='ltr' id='par_1_3' title="bbox 254 990 1864 1526">
     <span class='ocr_line' id='line_1_11' title="bbox 315 990 1838 1035; baseline 0 -3"><span class='ocrx_word' id='word_1_80' title='bbox 315 991 356 1032; x_wconf 89' lang='grc'>6.</span> <span class='ocrx_word' id='word_1_81' title='bbox 394 991 510 1033; x_wconf 87' lang='lat' dir='ltr'>Haec</span> <span class='ocrx_word' id='word_1_82' title='bbox 546 990 712 1033; x_wconf 91' lang='lat' dir='ltr'>interim</span> <span class='ocrx_word' id='word_1_83' title='bbox 749 990 865 1032; x_wconf 86' lang='lat' dir='ltr'>iuxta</span> <span class='ocrx_word' id='word_1_84' title='bbox 901 990 1236 1033; x_wconf 77' lang='lat' dir='ltr'>mediocritatem</span> <span class='ocrx_word' id='word_1_85' title='bbox 1274 1003 1425 1035; x_wconf 89' lang='lat' dir='ltr'>sensus</span> <span class='ocrx_word' id='word_1_86' title='bbox 1463 991 1547 1034; x_wconf 91' lang='lat' dir='ltr'>mei</span> <span class='ocrx_word' id='word_1_87' title='bbox 1589 992 1775 1035; x_wconf 86' lang='lat' dir='ltr'>breuiter</span> <span class='ocrx_word' id='word_1_88' title='bbox 1797 1002 1838 1032; x_wconf 69' lang='lat' dir='ltr'>lo</span> 
     </span>
     <span class='ocr_line' id='line_1_12' title="bbox 255 1061 1776 1115; baseline 0 -11"><span class='ocrx_word' id='word_1_89' title='bbox 255 1061 519 1115; x_wconf 86' lang='lat' dir='ltr'>strictimque</span> <span class='ocrx_word' id='word_1_90' title='bbox 550 1061 720 1103; x_wconf 85' lang='lat' dir='ltr'>dictaui.</span> <span class='ocrx_word' id='word_1_91' title='bbox 753 1063 938 1104; x_wconf 88' lang='lat' dir='ltr'>ceterum</span> <span class='ocrx_word' id='word_1_92' title='bbox 970 1062 1076 1105; x_wconf 89' lang='lat' dir='ltr'>sciat</span> <span class='ocrx_word' id='word_1_93' title='bbox 1106 1062 1323 1105; x_wconf 72' lang='lat' dir='ltr'>beatitudo</span> <span class='ocrx_word' id='word_1_94' title='bbox 1354 1065 1429 1105; x_wconf 89' lang='lat' dir='ltr'>tua</span> <span class='ocrx_word' id='word_1_95' title='bbox 1457 1063 1500 1105; x_wconf 90' lang='lat' dir='ltr'>in</span> <span class='ocrx_word' id='word_1_96' title='bbox 1530 1061 1776 1106; x_wconf 85' lang='lat' dir='ltr'>istiusmodi</span> 
     </span>
     <span class='ocr_line' id='line_1_13' title="bbox 255 1132 1776 1189; baseline 0.001 -15"><span class='ocrx_word' id='word_1_97' title='bbox 255 1132 610 1186; x_wconf 86' lang='lat' dir='ltr'>disputationibus</span> <span class='ocrx_word' id='word_1_98' title='bbox 631 1132 867 1175; x_wconf 90' lang='lat' dir='ltr'>molestiam</span> <span class='ocrx_word' id='word_1_99' title='bbox 887 1133 929 1174; x_wconf 92' lang='lat' dir='ltr'>in</span> <span class='ocrx_word' id='word_1_100' title='bbox 948 1133 1125 1189; x_wconf 89' lang='lat' dir='ltr'>legendo</span> <span class='ocrx_word' id='word_1_101' title='bbox 1145 1147 1225 1176; x_wconf 91' lang='lat' dir='ltr'>non</span> <span class='ocrx_word' id='word_1_102' title='bbox 1245 1134 1393 1177; x_wconf 88' lang='lat' dir='ltr'>debere</span> <span class='ocrx_word' id='word_1_103' title='bbox 1414 1134 1650 1189; x_wconf 86' lang='lat' dir='ltr'>subrepere,</span> <span class='ocrx_word' id='word_1_104' title='bbox 1676 1133 1776 1189; x_wconf 83' lang='lat' dir='ltr'>quia</span> 
     </span>
     <span class='ocr_line' id='line_1_14' title="bbox 254 1202 1776 1258; baseline 0.003 -15"><span class='ocrx_word' id='word_1_105' title='bbox 254 1202 378 1244; x_wconf 85' lang='lat' dir='ltr'>facile</span> <span class='ocrx_word' id='word_1_106' title='bbox 398 1204 441 1244; x_wconf 88' lang='lat' dir='ltr'>et</span> <span class='ocrx_word' id='word_1_107' title='bbox 458 1214 534 1244; x_wconf 90' lang='lat' dir='ltr'>nos</span> <span class='ocrx_word' id='word_1_108' title='bbox 554 1203 770 1255; x_wconf 83' lang='lat' dir='ltr'>potuimus</span> <span class='ocrx_word' id='word_1_109' title='bbox 790 1202 950 1257; x_wconf 89' lang='lat' dir='ltr'>aliquid</span> <span class='ocrx_word' id='word_1_110' title='bbox 970 1203 1176 1256; x_wconf 87' lang='lat' dir='ltr'>ementiri,</span> <span class='ocrx_word' id='word_1_111' title='bbox 1191 1204 1302 1258; x_wconf 90' lang='lat' dir='ltr'>quod</span> <span class='ocrx_word' id='word_1_112' title='bbox 1318 1218 1365 1247; x_wconf 87' lang='lat' dir='ltr'>ex</span> <span class='ocrx_word' id='word_1_113' title='bbox 1377 1217 1460 1247; x_wconf 85' lang='lat' dir='ltr'>una</span> <span class='ocrx_word' id='word_1_114' title='bbox 1473 1217 1578 1247; x_wconf 89' lang='lat' dir='ltr'>uoce</span> <span class='ocrx_word' id='word_1_115' title='bbox 1591 1205 1776 1247; x_wconf 83' lang='lat' dir='ltr'>solueret</span> 
     </span>
     <span class='ocr_line' id='line_1_15' title="bbox 255 1273 1773 1331; baseline 0.003 -17"><span class='ocrx_word' id='word_1_116' title='bbox 255 1273 556 1326; x_wconf 84' lang='lat' dir='ltr'>quaestionem,</span> <span class='ocrx_word' id='word_1_117' title='bbox 582 1273 709 1315; x_wconf 87' lang='lat' dir='ltr'>sicuti</span> <span class='ocrx_word' id='word_1_118' title='bbox 735 1275 778 1316; x_wconf 90' lang='lat' dir='ltr'>et</span> <span class='ocrx_word' id='word_1_119' title='bbox 801 1277 962 1317; x_wconf 85' lang='lat' dir='ltr'>ceteros</span> <span class='ocrx_word' id='word_1_120' title='bbox 987 1274 1148 1317; x_wconf 88' lang='lat' dir='ltr'>fecisse</span> <span class='ocrx_word' id='word_1_121' title='bbox 1166 1275 1511 1318; x_wconf 78' lang='lat' dir='ltr'>monstrauimus,</span> <span class='ocrx_word' id='word_1_122' title='bbox 1537 1276 1612 1318; x_wconf 83' lang='lat' dir='ltr'>sed</span> <span class='ocrx_word' id='word_1_123' title='bbox 1637 1275 1773 1331; x_wconf 88' lang='lat' dir='ltr'>magis</span> 
     </span>
     <span class='ocr_line' id='line_1_16' title="bbox 255 1342 1864 1401; baseline 0.003 -17"><span class='ocrx_word' id='word_1_124' title='bbox 255 1343 457 1385; x_wconf 87' lang='lat' dir='ltr'>condecet</span> <span class='ocrx_word' id='word_1_125' title='bbox 493 1343 797 1386; x_wconf 89' lang='lat' dir='ltr'>obueritatem</span> <span class='ocrx_word' id='word_1_126' title='bbox 828 1342 1018 1388; x_wconf 86' lang='lat' dir='ltr'>laborare</span> <span class='ocrx_word' id='word_1_127' title='bbox 1055 1345 1270 1399; x_wconf 87' lang='lat' dir='ltr'>paulisper</span> <span class='ocrx_word' id='word_1_128' title='bbox 1301 1347 1344 1388; x_wconf 85' lang='lat' dir='ltr'>et</span> <span class='ocrx_word' id='word_1_129' title='bbox 1379 1346 1598 1401; x_wconf 83' lang='lat' dir='ltr'>peregrino</span> <span class='ocrx_word' id='word_1_130' title='bbox 1630 1358 1773 1389; x_wconf 86' lang='lat' dir='ltr'>aurem</span> <span class='ocrx_word' id='word_1_131' title='bbox 1797 1355 1864 1386; x_wconf 56' lang='grc' dir='ltr'>ιθ·</span> 
     </span>
     <span class='ocr_line' id='line_1_17' title="bbox 255 1413 1774 1471; baseline 0.002 -15"><span class='ocrx_word' id='word_1_132' title='bbox 255 1413 572 1456; x_wconf 82' lang='lat' dir='ltr'>adcommodare</span> <span class='ocrx_word' id='word_1_133' title='bbox 617 1414 812 1466; x_wconf 82' lang='lat' dir='ltr'>sermoni,</span> <span class='ocrx_word' id='word_1_134' title='bbox 858 1428 984 1469; x_wconf 87' lang='lat' dir='ltr'>quam</span> <span class='ocrx_word' id='word_1_135' title='bbox 1029 1415 1079 1458; x_wconf 91' lang='lat' dir='ltr'>de</span> <span class='ocrx_word' id='word_1_136' title='bbox 1123 1415 1258 1458; x_wconf 89' lang='lat' dir='ltr'>aliena</span> <span class='ocrx_word' id='word_1_137' title='bbox 1294 1416 1440 1471; x_wconf 88' lang='lat' dir='ltr'>lingua</span> <span class='ocrx_word' id='word_1_138' title='bbox 1475 1415 1618 1459; x_wconf 88' lang='lat' dir='ltr'>fictam</span> <span class='ocrx_word' id='word_1_139' title='bbox 1667 1416 1774 1459; x_wconf 69' lang='lat' dir='ltr'>fene</span> 
     </span>
     <span class='ocr_line' id='line_1_18' title="bbox 254 1483 519 1526; baseline 0 0"><span class='ocrx_word' id='word_1_140' title='bbox 254 1483 519 1526; x_wconf 83' lang='lat' dir='ltr'>sententiam.</span> 
     </span>
    </p>
   </div>
   <div class='ocr_carea' id='block_1_3' title="bbox 1840 0 1884 3254">
    <p class='ocr_par' dir='ltr' id='par_1_4' title="bbox 1840 0 1884 3254">
     <span class='ocr_line' id='line_1_19' title="bbox 1840 0 1884 3254; baseline 0 -2643"><span class='ocrx_word' id='word_1_141' title='bbox 1840 0 1884 3254; x_wconf 95' lang='lat' dir='ltr'>   </span> 
     </span>
    </p>
   </div>
   <div class='ocr_carea' id='block_1_4' title="bbox 373 1621 1075 1668">
    <p class='ocr_par' dir='ltr' id='par_1_5' title="bbox 373 1621 1075 1668">
     <span class='ocr_line' id='line_1_20' title="bbox 373 1621 1075 1668; baseline 0.004 -12"><span class='ocrx_word' id='word_1_142' title='bbox 373 1623 394 1656; x_wconf 89' lang='lat'>5</span> <span class='ocrx_word' id='word_1_143' title='bbox 422 1621 574 1658; x_wconf 67' lang='lat' dir='ltr'>*Matm</span> <span class='ocrx_word' id='word_1_144' title='bbox 602 1623 658 1666; x_wconf 88' lang='grc'>21,</span> <span class='ocrx_word' id='word_1_145' title='bbox 685 1624 705 1657; x_wconf 90' lang='grc'>9</span> <span class='ocrx_word' id='word_1_146' title='bbox 779 1624 800 1658; x_wconf 86' lang='grc'>8</span> <span class='ocrx_word' id='word_1_147' title='bbox 826 1622 944 1658; x_wconf 87' lang='lat' dir='ltr'>*Esai.</span> <span class='ocrx_word' id='word_1_148' title='bbox 971 1624 1028 1668; x_wconf 89' lang='lat'>34,</span> <span class='ocrx_word' id='word_1_149' title='bbox 1055 1624 1075 1658; x_wconf 91' lang='lat'>5</span> 
     </span>
    </p>
   </div>
   <div class='ocr_carea' id='block_1_5' title="bbox 255 1702 1834 2102">
    <p class='ocr_par' dir='ltr' id='par_1_6' title="bbox 255 1702 1834 2102">
     <span class='ocr_line' id='line_1_21' title="bbox 303 1702 1773 1749; baseline 0.004 -12"><span class='ocrx_word' id='word_1_150' title='bbox 303 1703 321 1737; x_wconf 92' lang='lat'>1</span> <span class='ocrx_word' id='word_1_151' title='bbox 350 1702 509 1749; x_wconf 83' lang='lat' dir='ltr'>obsecro]</span> <span class='ocrx_word' id='word_1_152' title='bbox 536 1714 602 1739; x_wconf 88' lang='lat' dir='ltr'>om.</span> <span class='ocrx_word' id='word_1_153' title='bbox 629 1705 705 1739; x_wconf 89' lang='lat' dir='ltr'>DB</span> <span class='ocrx_word' id='word_1_154' title='bbox 731 1705 805 1739; x_wconf 93' lang='lat' dir='ltr'>obs.</span> <span class='ocrx_word' id='word_1_155' title='bbox 832 1705 974 1740; x_wconf 88' lang='lat' dir='ltr'>domine</span> <span class='ocrx_word' id='word_1_156' title='bbox 1000 1705 1070 1740; x_wconf 69' lang='lat'>122⁷</span> <span class='ocrx_word' id='word_1_157' title='bbox 1184 1707 1205 1741; x_wconf 84' lang='lat'>2</span> <span class='ocrx_word' id='word_1_158' title='bbox 1231 1706 1298 1743; x_wconf 83' lang='lat' dir='ltr'>fac.</span> <span class='ocrx_word' id='word_1_159' title='bbox 1323 1718 1352 1743; x_wconf 85' lang='lat'>8.</span> <span class='ocrx_word' id='word_1_160' title='bbox 1379 1707 1402 1742; x_wconf 83' lang='lat'>1.</span> <span class='ocrx_word' id='word_1_161' title='bbox 1430 1708 1463 1742; x_wconf 91' lang='grc' dir='ltr'><em>Σ</em></span> <span class='ocrx_word' id='word_1_162' title='bbox 1601 1707 1773 1743; x_wconf 86' lang='lat' dir='ltr'>subaudi-</span> 
     </span>
     <span class='ocr_line' id='line_1_22' title="bbox 255 1762 1806 1810; baseline 0.005 -14"><span class='ocrx_word' id='word_1_163' title='bbox 255 1764 338 1797; x_wconf 86' lang='lat' dir='ltr'>atur</span> <span class='ocrx_word' id='word_1_164' title='bbox 361 1762 430 1798; x_wconf 72' lang='lat' dir='ltr'>Lz&#39;</span> <span class='ocrx_word' id='word_1_165' title='bbox 532 1764 553 1798; x_wconf 85' lang='lat'><strong>3</strong></span> <span class='ocrx_word' id='word_1_166' title='bbox 578 1764 761 1798; x_wconf 86' lang='lat' dir='ltr'>mattheus</span> <span class='ocrx_word' id='word_1_167' title='bbox 787 1764 821 1802; x_wconf 68' lang='lat'>513</span> <span class='ocrx_word' id='word_1_168' title='bbox 847 1765 1052 1800; x_wconf 87' lang='lat' dir='ltr'>matthaeus</span> <span class='ocrx_word' id='word_1_169' title='bbox 1075 1776 1100 1810; x_wconf 77' lang='lat' dir='ltr'><em>g</em></span> <span class='ocrx_word' id='word_1_170' title='bbox 1207 1767 1231 1801; x_wconf 91' lang='lat'>4</span> <span class='ocrx_word' id='word_1_171' title='bbox 1255 1766 1408 1802; x_wconf 85' lang='lat' dir='ltr'>osianna</span> <span class='ocrx_word' id='word_1_172' title='bbox 1432 1778 1476 1802; x_wconf 81' lang='lat' dir='ltr'>ex</span> <span class='ocrx_word' id='word_1_173' title='bbox 1500 1777 1636 1802; x_wconf 84' lang='lat' dir='ltr'>osanna</span> <span class='ocrx_word' id='word_1_174' title='bbox 1657 1769 1722 1803; x_wconf 81' lang='lat' dir='ltr'>m2</span> <span class='ocrx_word' id='word_1_175' title='bbox 1744 1767 1782 1803; x_wconf 86' lang='grc' dir='ltr'><em>Σ</em></span> <span class='ocrx_word' id='word_1_176' title='bbox 1803 1805 1806 1806; x_wconf 17' lang='lat'><em>⁷</em></span> 
     </span>
     <span class='ocr_line' id='line_1_23' title="bbox 255 1820 1834 1871; baseline 0.004 -15"><span class='ocrx_word' id='word_1_177' title='bbox 255 1832 391 1857; x_wconf 86' lang='lat' dir='ltr'>osanna</span> <span class='ocrx_word' id='word_1_178' title='bbox 414 1826 477 1857; x_wconf 81' lang='lat' dir='ltr'>cet.</span> <span class='ocrx_word' id='word_1_179' title='bbox 564 1822 585 1857; x_wconf 88' lang='lat'>5</span> <span class='ocrx_word' id='word_1_180' title='bbox 611 1822 772 1858; x_wconf 59' lang='lat' dir='ltr'>banama</span> <span class='ocrx_word' id='word_1_181' title='bbox 796 1823 830 1861; x_wconf 64' lang='lat' dir='ltr'>ffi</span> <span class='ocrx_word' id='word_1_182' title='bbox 854 1834 954 1859; x_wconf 87' lang='lat' dir='ltr'>rama</span> <span class='ocrx_word' id='word_1_183' title='bbox 984 1823 1034 1858; x_wconf 93' lang='lat' dir='ltr'><em>W</em></span> <span class='ocrx_word' id='word_1_184' title='bbox 1127 1835 1280 1860; x_wconf 88' lang='lat' dir='ltr'>ossanna</span> <span class='ocrx_word' id='word_1_185' title='bbox 1306 1826 1339 1860; x_wconf 85' lang='grc' dir='ltr'><em>Σ</em></span> <span class='ocrx_word' id='word_1_186' title='bbox 1357 1825 1491 1871; x_wconf 86' lang='lat' dir='ltr'>(corr.),</span> <span class='ocrx_word' id='word_1_187' title='bbox 1521 1825 1573 1861; x_wconf 89' lang='lat' dir='ltr'><em>W</em></span> <span class='ocrx_word' id='word_1_188' title='bbox 1686 1827 1708 1861; x_wconf 88' lang='lat'>6</span> <span class='ocrx_word' id='word_1_189' title='bbox 1733 1826 1772 1861; x_wconf 87' lang='lat' dir='ltr'>in</span> <span class='ocrx_word' id='word_1_190' title='bbox 1831 1820 1834 1823; x_wconf 62' lang='grc'><strong>’</strong></span> 
     </span>
     <span class='ocr_line' id='line_1_24' title="bbox 255 1880 1781 1928; baseline 0.004 -14"><span class='ocrx_word' id='word_1_191' title='bbox 255 1880 406 1926; x_wconf 87' lang='lat' dir='ltr'>caelum]</span> <span class='ocrx_word' id='word_1_192' title='bbox 435 1880 501 1915; x_wconf 80' lang='lat' dir='ltr'>dez.</span> <span class='ocrx_word' id='word_1_193' title='bbox 529 1883 592 1916; x_wconf 80' lang='lat' dir='ltr'>m2</span> <span class='ocrx_word' id='word_1_194' title='bbox 609 1881 646 1916; x_wconf 91' lang='lat' dir='ltr'><em>B</em></span> <span class='ocrx_word' id='word_1_195' title='bbox 669 1882 706 1916; x_wconf 91' lang='lat' dir='ltr'>in</span> <span class='ocrx_word' id='word_1_196' title='bbox 733 1882 831 1917; x_wconf 84' lang='lat' dir='ltr'>eaelo</span> <span class='ocrx_word' id='word_1_197' title='bbox 856 1882 908 1917; x_wconf 89' lang='lat' dir='ltr'><strong><em>W</em></strong></span> <span class='ocrx_word' id='word_1_198' title='bbox 1023 1882 1059 1917; x_wconf 91' lang='lat' dir='ltr'>id</span> <span class='ocrx_word' id='word_1_199' title='bbox 1086 1885 1142 1918; x_wconf 85' lang='lat' dir='ltr'>est</span> <span class='ocrx_word' id='word_1_200' title='bbox 1171 1883 1266 1928; x_wconf 68' lang='lat' dir='ltr'>WB,</span> <span class='ocrx_word' id='word_1_201' title='bbox 1293 1895 1360 1919; x_wconf 85' lang='lat' dir='ltr'>om.</span> <span class='ocrx_word' id='word_1_202' title='bbox 1386 1889 1449 1920; x_wconf 78' lang='lat' dir='ltr'>cet.</span> <span class='ocrx_word' id='word_1_203' title='bbox 1570 1884 1616 1920; x_wconf 87' lang='lat' dir='ltr'>ad</span> <span class='ocrx_word' id='word_1_204' title='bbox 1639 1895 1668 1920; x_wconf 81' lang='lat'>8.</span> <span class='ocrx_word' id='word_1_205' title='bbox 1694 1885 1717 1920; x_wconf 85' lang='lat' dir='ltr'>l.</span> <span class='ocrx_word' id='word_1_206' title='bbox 1744 1885 1781 1920; x_wconf 83' lang='grc' dir='ltr'><em>Σ</em></span> 
     </span>
     <span class='ocr_line' id='line_1_25' title="bbox 255 1938 1772 1986; baseline 0.005 -14"><span class='ocrx_word' id='word_1_207' title='bbox 255 1938 275 1972; x_wconf 87' lang='grc'>7</span> <span class='ocrx_word' id='word_1_208' title='bbox 303 1939 340 1972; x_wconf 88' lang='lat' dir='ltr'>et</span> <span class='ocrx_word' id='word_1_209' title='bbox 364 1948 429 1975; x_wconf 87' lang='lat' dir='ltr'>om.</span> <span class='ocrx_word' id='word_1_210' title='bbox 470 1938 515 1973; x_wconf 90' lang='lat' dir='ltr'><em>W</em></span> <span class='ocrx_word' id='word_1_211' title='bbox 605 1940 626 1974; x_wconf 88' lang='grc'>8</span> <span class='ocrx_word' id='word_1_212' title='bbox 652 1940 687 1974; x_wconf 91' lang='lat' dir='ltr'>in</span> <span class='ocrx_word' id='word_1_213' title='bbox 713 1940 781 1975; x_wconf 90' lang='lat' dir='ltr'>hoc</span> <span class='ocrx_word' id='word_1_214' title='bbox 806 1941 916 1986; x_wconf 78' lang='lat' dir='ltr'>(exp.)</span> <span class='ocrx_word' id='word_1_215' title='bbox 941 1940 1125 1976; x_wconf 85' lang='lat' dir='ltr'>hebriatus</span> <span class='ocrx_word' id='word_1_216' title='bbox 1150 1942 1187 1976; x_wconf 90' lang='lat' dir='ltr'><em>B</em></span> <span class='ocrx_word' id='word_1_217' title='bbox 1279 1943 1322 1977; x_wconf 81' lang='lat'>12</span> <span class='ocrx_word' id='word_1_218' title='bbox 1347 1943 1562 1978; x_wconf 87' lang='lat' dir='ltr'>modestiam</span> <span class='ocrx_word' id='word_1_219' title='bbox 1593 1943 1645 1979; x_wconf 88' lang='lat' dir='ltr'><em>W</em></span> <span class='ocrx_word' id='word_1_220' title='bbox 1733 1943 1772 1978; x_wconf 87' lang='lat' dir='ltr'>in</span> 
     </span>
     <span class='ocr_line' id='line_1_26' title="bbox 255 1997 1777 2048; baseline 0.005 -17"><span class='ocrx_word' id='word_1_221' title='bbox 255 1998 297 2038; x_wconf 81' lang='lat' dir='ltr'>(s.</span> <span class='ocrx_word' id='word_1_222' title='bbox 325 1997 347 2031; x_wconf 83' lang='lat' dir='ltr'>l.</span> <span class='ocrx_word' id='word_1_223' title='bbox 371 1997 424 2041; x_wconf 88' lang='grc' dir='ltr'>Β)</span> <span class='ocrx_word' id='word_1_224' title='bbox 448 1997 603 2043; x_wconf 85' lang='lat' dir='ltr'>legendo</span> <span class='ocrx_word' id='word_1_225' title='bbox 634 1998 756 2034; x_wconf 89' lang='lat' dir='ltr'>WDB</span> <span class='ocrx_word' id='word_1_226' title='bbox 780 1999 933 2045; x_wconf 86' lang='lat' dir='ltr'>legendo</span> <span class='ocrx_word' id='word_1_227' title='bbox 960 2004 1021 2035; x_wconf 82' lang='lat' dir='ltr'>cet.</span> <span class='ocrx_word' id='word_1_228' title='bbox 1155 2001 1339 2047; x_wconf 85' lang='lat' dir='ltr'>subripere</span> <span class='ocrx_word' id='word_1_229' title='bbox 1370 2001 1777 2048; x_wconf 64' lang='lat' dir='ltr'>WffiD‚Zp.c.Ba.c.m2</span> 
     </span>
     <span class='ocr_line' id='line_1_27' title="bbox 255 2056 1771 2102; baseline 0.005 -13"><span class='ocrx_word' id='word_1_230' title='bbox 255 2056 299 2090; x_wconf 88' lang='lat'>13</span> <span class='ocrx_word' id='word_1_231' title='bbox 324 2056 459 2102; x_wconf 88' lang='lat' dir='ltr'>aliquid</span> <span class='ocrx_word' id='word_1_232' title='bbox 486 2067 552 2092; x_wconf 86' lang='lat' dir='ltr'>om.</span> <span class='ocrx_word' id='word_1_233' title='bbox 578 2056 649 2094; x_wconf 73' lang='lat'>1:58</span> <span class='ocrx_word' id='word_1_234' title='bbox 734 2057 923 2093; x_wconf 83' lang='lat' dir='ltr'>emendare</span> <span class='ocrx_word' id='word_1_235' title='bbox 942 2060 1049 2094; x_wconf 65' lang='lat' dir='ltr'>Dm.</span> <span class='ocrx_word' id='word_1_236' title='bbox 1077 2061 1249 2095; x_wconf 86' lang='lat' dir='ltr'>ementire</span> <span class='ocrx_word' id='word_1_237' title='bbox 1280 2060 1331 2095; x_wconf 90' lang='lat' dir='ltr'><em>W</em></span> <span class='ocrx_word' id='word_1_238' title='bbox 1410 2070 1534 2096; x_wconf 78' lang='lat' dir='ltr'>uocem</span> <span class='ocrx_word' id='word_1_239' title='bbox 1558 2062 1598 2096; x_wconf 92' lang='lat' dir='ltr'><em>D</em></span> <span class='ocrx_word' id='word_1_240' title='bbox 1653 2061 1698 2097; x_wconf 87' lang='lat'>14</span> <span class='ocrx_word' id='word_1_241' title='bbox 1722 2062 1771 2097; x_wconf 90' lang='lat' dir='ltr'>si-</span> 
     </span>
    </p>
   </div>
   <div class='ocr_carea' id='block_1_6' title="bbox 254 2115 1776 2207">
    <p class='ocr_par' dir='ltr' id='par_1_7' title="bbox 254 2115 1776 2207">
     <span class='ocr_line' id='line_1_28' title="bbox 255 2115 1776 2157; baseline 0.005 -8"><span class='ocrx_word' id='word_1_242' title='bbox 255 2116 330 2149; x_wconf 91' lang='lat' dir='ltr'>cuti</span> <span class='ocrx_word' id='word_1_243' title='bbox 360 2115 411 2150; x_wconf 90' lang='lat' dir='ltr'><em>W</em></span> <span class='ocrx_word' id='word_1_244' title='bbox 431 2116 526 2151; x_wconf 87' lang='lat' dir='ltr'>sicut</span> <span class='ocrx_word' id='word_1_245' title='bbox 551 2120 613 2151; x_wconf 83' lang='lat' dir='ltr'>cet.</span> <span class='ocrx_word' id='word_1_246' title='bbox 713 2118 755 2152; x_wconf 88' lang='lat'>15</span> <span class='ocrx_word' id='word_1_247' title='bbox 784 2117 956 2153; x_wconf 89' lang='lat' dir='ltr'>condocet</span> <span class='ocrx_word' id='word_1_248' title='bbox 987 2118 1038 2154; x_wconf 85' lang='lat' dir='ltr'><em>W</em></span> <span class='ocrx_word' id='word_1_249' title='bbox 1144 2120 1187 2154; x_wconf 88' lang='lat'>16</span> <span class='ocrx_word' id='word_1_250' title='bbox 1214 2120 1343 2155; x_wconf 89' lang='lat' dir='ltr'>referre</span> <span class='ocrx_word' id='word_1_251' title='bbox 1370 2118 1436 2157; x_wconf 54' lang='grc' dir='ltr'>ΣΒ</span> <span class='ocrx_word' id='word_1_252' title='bbox 1463 2121 1550 2156; x_wconf 90' lang='lat' dir='ltr'>alibi</span> <span class='ocrx_word' id='word_1_253' title='bbox 1575 2121 1708 2156; x_wconf 85' lang='lat' dir='ltr'>referre</span> <span class='ocrx_word' id='word_1_254' title='bbox 1732 2119 1776 2155; x_wconf 90' lang='lat' dir='ltr'><em>D</em></span> 
     </span>
     <span class='ocr_line' id='line_1_29' title="bbox 254 2173 438 2207; baseline 0.005 -1"><span class='ocrx_word' id='word_1_255' title='bbox 254 2173 378 2207; x_wconf 81' lang='lat' dir='ltr'>referri</span> <span class='ocrx_word' id='word_1_256' title='bbox 403 2173 438 2207; x_wconf 90' lang='lat' dir='ltr'><strong><em>L</em></strong></span> 
     </span>
    </p>
   </div>
   <div class='ocr_carea' id='block_1_7' title="bbox 1880 1537 1884 2056">
    <p class='ocr_par' dir='ltr' id='par_1_8' title="bbox 1880 1537 1884 2056">
     <span class='ocr_line' id='line_1_30' title="bbox 1880 1537 1884 2056; baseline 0 0"><span class='ocrx_word' id='word_1_257' title='bbox 1880 1537 1884 2056; x_wconf 95' lang='lat' dir='ltr'> </span> 
     </span>
    </p>
   </div>
  </div>
 </body>
</html>
