1884 3254
656 266 865 312 Epistula
888 266 970 301 LIX
996 267 1088 302 3—5
1554 272 1641 312 545

112 401 283 450 tangere
315 397 413 449 post
441 395 790 438 resurrectionem
821 395 949 450 pedes
982 396 1073 439 eius
1106 399 1148 438 et
1179 409 1259 439 non
1292 399 1476 453 tangere.
1507 398 1642 441 Maria
1680 402 1701 435 2

113 465 361 520 Magdalene
403 465 497 519 ipsa
533 468 611 517 est,
656 479 680 507 a
716 479 799 520 qua
836 468 999 521 septem
1043 467 1262 510 daemonia
1306 470 1535 523 expulerat,
1578 472 1640 520 ut,

112 536 185 578 ubi
217 536 503 578 abundauerat
533 540 766 590 peccatum,
804 538 1162 592 superabundaret
1192 540 1344 594 gratia;
1386 553 1505 594 quae,
1543 540 1643 595 quia

111 607 327 649 dominum
357 607 629 650 hortulanum
660 608 838 662 putabat
862 611 905 650 et
929 609 1049 663 quasi
1076 622 1172 651 eum
1196 610 1363 652 homine
1388 611 1644 665 loquebatur

68 690 85 717 5
112 680 154 720 et
191 678 420 732 quaerebat
455 678 670 720 uiuentem
710 691 804 721 eum
843 680 1038 730 mortuis,
1081 682 1193 722 recte
1234 681 1370 724 audit:
1409 682 1521 724 noli
1564 695 1641 724 me

109 751 345 804 tangere,
385 751 428 791 et
459 751 523 792 est
555 761 723 792 sensus:
764 753 856 792 ‘non
890 751 1060 793 mereris
1093 751 1199 794 meis
1231 752 1402 794 haerere
1440 753 1638 808 uestigiis

107 832 183 862 nec
214 819 383 862 adorare
423 819 543 874 quasi
585 820 798 863 dominum
840 823 882 864 et
914 821 1004 864 eius
1036 824 1176 864 tenere
1212 823 1356 877 pedes,
1396 836 1518 878 quem
1556 837 1637 867 non

106 890 306 932 aestimas
327 890 568 933 surrexisse.
594 891 674 932 tibi
695 891 806 933 enim
826 891 1004 934 necdum
1025 893 1195 935 ascendi
1216 893 1268 935 ad
1286 895 1447 948 patrem
1466 898 1639 936 meum)

103 963 267 1004 ceterae
292 974 391 1004 uero
412 961 625 1012 mulieres
653 975 759 1016 quae
780 962 907 1018 pedes
927 965 1120 1019 tangunt,
1148 964 1365 1006 dominum
1386 964 1638 1007 confitentur
1675 970 1696 1004 3

46 1047 80 1074 10
107 1035 150 1074 et
179 1033 391 1074 merentur
422 1032 512 1074 eius
537 1032 706 1075 haerere
733 1033 942 1089 uestigiis,
976 1047 1102 1088 quem
1129 1034 1180 1076 ad
1205 1036 1367 1089 patrem
1394 1035 1636 1078 ascendisse

105 1103 332 1146 confidunt.
366 1116 632 1157 quamquam,
667 1104 834 1146 etiamsi
867 1105 1009 1147 eadem
1042 1106 1194 1148 mulier
1224 1106 1266 1148 in
1299 1106 1480 1149 diuersis
1513 1119 1635 1149 euan-

102 1174 227 1230 geliis
255 1177 297 1216 et
320 1174 510 1216 tonuisse
536 1175 664 1228 pedes
692 1177 735 1217 et
758 1187 839 1217 non
864 1176 1053 1218 tenuisse
1078 1177 1295 1227 referatur,
1320 1177 1458 1219 facilis
1478 1175 1634 1219 solutio

104 1245 175 1296 sit,
219 1257 314 1287 cum
352 1246 539 1299 potuerit
575 1245 757 1300 primum
796 1246 947 1300 corripi
985 1247 1107 1300 quasi
1141 1247 1357 1290 incredula
1402 1250 1444 1290 et
1486 1251 1634 1302 postea

102 1329 183 1358 non
226 1316 375 1370 repelli
426 1315 547 1369 quasi
592 1329 653 1368 ea,
701 1329 806 1370 quae
850 1329 1030 1359 errorem
1075 1317 1336 1360 confessione
1379 1321 1633 1370 mutauerat,

43 1402 77 1430 15
103 1386 214 1440 quod
247 1389 288 1428 et
319 1386 370 1428 de
400 1386 634 1428 latronibus
667 1387 858 1442 intellegi
894 1389 1049 1442 potest,
1089 1400 1185 1430 cum
1223 1388 1331 1431 alius
1371 1389 1634 1444 euangelista

99 1460 325 1511 utrumque
355 1457 688 1511 blasphemasse,
727 1458 837 1500 alius
868 1460 1008 1500 narret
1039 1459 1217 1500 alterum
1251 1472 1344 1502 esse
1376 1460 1632 1502 confessum.

161 1531 198 1571 5.
230 1529 422 1570 Extrema
455 1527 657 1571 schedula
687 1528 940 1580 continebat,
972 1531 1114 1571 utrum
1152 1533 1251 1583 post
1283 1530 1631 1572 resurrectionem

101 1599 375 1654 quadraginta
405 1599 555 1642 diebus
587 1612 684 1641 cum
717 1599 937 1654 discipulis
965 1599 1159 1642 dominus
1192 1604 1467 1643 conuersatus
1501 1601 1557 1642 sit
1590 1603 1632 1643 et

98 1683 327 1724 numquam
361 1670 461 1712 alibi
492 1670 620 1712 fuerit
651 1683 701 1711 an
733 1671 913 1713 latenter
944 1671 996 1712 ad
1028 1673 1192 1713 caelum
1230 1672 1466 1714 ascenderit
1504 1674 1629 1726 atque

3 1770 6 1772 v
39 1756 74 1786 20
100 1741 362 1784 descenderit
381 1744 422 1783 et
440 1740 715 1783 nihilominus
736 1742 940 1799 apostolis
961 1742 1028 1784 sui
1047 1743 1326 1796 praesentiam
1345 1756 1427 1785 non
1453 1743 1628 1798 negarit.

99 1813 135 1855 si
179 1813 304 1854 deum
343 1812 410 1853 (lei
451 1811 587 1853 filium
630 1812 882 1863 consideres,
921 1813 971 1854 de
1011 1826 1092 1866 quo
1133 1826 1269 1856 sermo
1309 1817 1387 1866 est,
1427 1815 1469 1856 et
1505 1814 1628 1856 illum
1666 1822 1688 1857 2

99 1892 205 1935 esse,
240 1884 309 1938 qui
334 1883 538 1938 loquitur:
572 1896 740 1925 nonne
774 1884 979 1926 caelum
1007 1887 1058 1926 et
1083 1887 1279 1927 terram
1307 1898 1401 1940 ego
1428 1885 1626 1938 repleo,

216 2058 232 2093 1
263 2058 306 2093 ef.
331 2058 441 2094 Marc.
471 2057 524 2101 16,
551 2058 572 2092 9
653 2058 674 2093 3
701 2057 745 2096 cf,
770 2058 871 2093 Rom.
899 2059 930 2099 5,
958 2058 1003 2093 20
1088 2058 1111 2092 4
1138 2058 1181 2093 cf.
1207 2058 1285 2093 1011.
1313 2059 1370 2103 20,
1399 2059 1442 2094 15
1530 2061 1551 2095 5
1579 2060 1623 2096 cf.

96 2117 180 2151 Luc.
207 2117 264 2160 24,
290 2118 310 2150 5
432 2116 507 2151 Ioh.
535 2116 591 2161 20,
619 2117 661 2151 17
786 2117 828 2151 15
855 2116 899 2151 cf.
925 2116 1056 2151 Matth.
1083 2117 1141 2158 27,
1167 2117 1319 2152 38-40.
1345 2118 1403 2152 44.
1430 2117 1540 2154 Marc.
1570 2120 1625 2164 15,

96 2175 248 2212 27—30.
276 2175 333 2210 32.
359 2176 445 2211 Luc.
470 2175 527 2216 23,
554 2176 695 2211 39—43
771 2175 814 2210 17
842 2175 885 2210 cf.
911 2175 990 2210 Act.
1021 2175 1051 2219 1,
1078 2175 1098 2210 3
1173 2175 1217 2209 22
1245 2174 1365 2211 *Hien
1391 2175 1448 2220 23,
1475 2176 1522 2211 24

144 2269 160 2304 1
188 2270 301 2304 maria
326 2280 354 2304 s.
382 2269 404 2305 l.
436 2270 467 2303 Φ
538 2270 559 2303 2
587 2268 800 2315 magdalene
826 2268 1045 2313 21‚Ba.c.m2
1071 2279 1153 2303 -nae
1183 2268 1315 2304 GADo
1341 2280 1405 2304 -na
1430 2272 1493 2304 cet.
1568 2271 1624 2305 est

93 2330 172 2375 ipsa
201 2330 233 2363 Φ
305 2329 481 2374 expulerit
505 2329 673 2374 Bp.c.m2
721 2329 742 2364 3
770 2331 807 2363 et
831 2329 952 2373 gratia
969 2329 1006 2363 B
1053 2329 1077 2363 4
1102 2328 1329 2363 hortolanum
1354 2327 1621 2372 mAffiBstlaae.

93 2387 299 2422 hominibus
325 2386 396 2423 9121
517 2389 538 2422 5
565 2387 706 2422 audiuit
733 2387 882 2424 1123qu
1002 2387 1021 2422 7
1050 2386 1154 2422 deum
1181 2387 1221 2421 D
1341 2386 1392 2432 et]
1418 2397 1484 2422 nec
1512 2387 1622 2422 IIDB

94 2458 184 2492 quae
210 2448 246 2481 A
342 2445 363 2480 8
390 2446 571 2483 existimas
596 2458 620 2492 5·
718 2448 757 2482 11
787 2447 859 2482 diu.
885 2447 922 2481 in
948 2458 972 2492 g
1071 2446 1114 2481 12
1139 2445 1294 2481 refertur
1318 2445 1357 2480 D
1450 2446 1492 2481 13
1519 2447 1620 2491 prim.

94 2505 222 2551 corrigi
249 2505 287 2539 D
313 2506 441 2551 corrigi
467 2506 569 2551 prim.
595 2517 620 2550 g
694 2506 738 2540 14
763 2505 914 2551 reppelli
939 2505 1034 2540 AHo
1108 2514 1225 2539 errore
1250 2505 1286 2538 A
1365 2503 1573 2540 confusione
1599 2515 1620 2540 ο

95 2565 137 2599 15
165 2568 202 2599 et
226 2575 293 2599 om.
322 2564 396 2599 IID
443 2565 550 2599 aliis
579 2566 612 2599 Φ
662 2565 704 2600 17
733 2564 833 2610 extr.]
862 2564 989 2609 quinta
1016 2564 1054 2599 II
1122 2561 1356 2608 scedu(023)la
1380 2562 1620 2608 ApmJlffioB

93 2622 232 2658 scidula
261 2622 294 2658 G
319 2626 352 2665 (c
377 2633 421 2658 ex
446 2623 502 2666 ch)
529 2623 568 2658 D
594 2623 740 2668 scydola
769 2624 801 2657 Φ
913 2622 1175 2657 resurrectione
1206 2623 1238 2656 Φ
1323 2622 1366 2657 18
1394 2621 1486 2657 dom.
1512 2624 1552 2666 (s.
1581 2621 1619 2666 Ζ.)

93 2693 171 2717 cum
198 2682 284 2717 disc.
311 2681 344 2718 Ἦ
371 2693 450 2717 cum
476 2681 563 2718 disc.
595 2684 626 2717 Φ
701 2683 743 2718 19
769 2682 906 2717 fuerint
930 2682 966 2716 B
1061 2681 1244 2716 laetentur
1274 2682 1305 2715 Φ
1402 2680 1565 2716 ascendit
1583 2680 1620 2714 Il

91 2742 137 2776 20
158 2740 620 2786 discend.⁵21ffid>,Aa.c.m2
693 2742 878 2787 apostolus
893 2740 1111 2786 21,Aa.c.m2
1183 2751 1283 2774 suam
1298 2739 1447 2776 HffiDcp
1495 2740 1538 2774 21
1555 2738 1618 2773 do-

93 2800 226 2835 minum
253 2801 291 2835 Π
433 2800 490 2836 dei
515 2812 544 2835 8.
566 2801 588 2835 l.
615 2802 649 2835 A
772 2800 976 2835 consideras
1004 2799 1039 2836 23
1066 2800 1130 2834 -ris
1160 2800 1192 2833 Φ
1287 2798 1332 2833 22
1360 2799 1436 2844 qui]
1472 2797 1557 2844 quid
1587 2798 1619 2832 Φ

91 2863 187 2895 terra
213 2860 247 2894 A
346 2860 467 2905 inpleo
497 2860 530 2895 G

129 2941 204 2966 mv.
227 2941 354 2968 maron.
377 2940 474 2975 Epist.
496 2941 519 2966 1.
1524 2927 1568 2962 35
