1884 3254
681 273 886 319 Epistula
909 273 1005 309 LXV
1029 274 1122 308 3—5
1583 277 1666 318 621

139 401 283 454 quitur
320 413 393 455 per
423 401 691 456 prophetam:
731 414 825 456 ego
866 403 1002 444 deus
1045 403 1096 444 et
1133 415 1230 444 non
1271 404 1461 454 mutor,
1499 405 1669 457 propter

137 485 212 514 nos
257 472 486 514 mutauerit
522 472 678 514 faciem
722 485 856 524 suam,
902 473 1078 515 formam
1122 473 1236 515 serui
1280 473 1490 530 acceperit
1535 475 1579 516 et
1616 474 1667 516 de

135 543 292 585 Iudaea
327 543 631 597 transmigrans
670 543 730 584 ad'
752 543 999 594 Philistiim,
1040 544 1110 598 qui
1141 543 1469 598 interpretantur
1499 545 1665 598 ‘poculo

136 614 396 655 corruentes'
437 637 495 644 --
538 613 732 655 inebriati
777 614 887 655 enim
932 614 1098 656 fuerant
1140 627 1265 657 aureo
1311 615 1442 657 calice
1486 615 1665 669 Babylo-

138 683 202 726 nis
235 708 305 734 -,
337 683 521 737 primum
555 683 721 726 derisus
762 685 818 726 sit
855 686 1025 738 propter
1063 685 1292 727 stultitiam
1325 685 1477 736 crucis,
1517 685 1665 728 deinde

136 755 360 808 susceptus
392 755 562 808 propter
586 754 763 808 gloriam
789 754 1114 808 triumphorum.
1142 755 1386 798 carissimus
1419 758 1560 798 autem
1591 756 1663 798 ille

134 827 212 876 est,
251 825 302 866 de
335 838 416 879 quo
450 827 492 866 et
522 825 668 867 Esaias
701 825 831 867 canit:
872 826 1100 867 cantabo
1141 826 1411 868 canticum
1452 826 1661 869 dilecto

135 895 542 938 dilectiuineae
567 908 710 938 meae
737 898 780 937 et
799 896 1088 951 euangelium:
1112 896 1198 938 hic
1224 899 1307 938 est
1330 897 1490 938 filius
1518 910 1661 940 meus

133 967 391 1018 dilectus,
430 967 479 1008 in
520 979 619 1021 quo
659 967 789 1009 mihi
829 967 1133 1020 conplacui,
1171 967 1309 1009 hunc
1347 967 1547 1018 audite,
1593 969 1661 1010 cui

132 1050 214 1080 non
263 1051 375 1079 unus
425 1038 643 1092 propheta,
688 1038 764 1079 sed
807 1038 942 1080 omnis
987 1038 1140 1080 chorus
1184 1037 1367 1080 filiorum
1406 1037 1510 1080 Core
1553 1051 1662 1080 nunc

130 1108 277 1151 laudes
309 1101 445 1151 ‘canit
488 1108 561 1162 qui
601 1109 686 1151 sint
723 1110 864 1151 autem
903 1108 981 1150 filii
1019 1108 1139 1159 Core,
1175 1108 1220 1150 id
1259 1111 1325 1150 est
1362 1109 1586 1161 caluariae,
1618 1109 1660 1151 in

131 1179 453 1234 quadragesimo
498 1179 633 1233 primo
677 1180 840 1234 psalmo
885 1179 1181 1233 conpetentius
1225 1179 1478 1234 disputatur.
1529 1182 1571 1222 et
1613 1182 1662 1222 ut
1701 1187 1715 1203 ἵ

131 1250 315 1293 sciamus
354 1252 517 1292 textum
556 1250 709 1292 cantici
747 1250 873 1293 titulo
907 1250 1142 1300 conuenire,
1176 1251 1455 1292 mutationem
1489 1250 1539 1292 de
1578 1251 1659 1293 alio

130 1320 183 1362 ad
226 1321 342 1362 aliud
379 1319 506 1363 discit
543 1323 586 1363 et
622 1320 722 1371 filia,
767 1321 836 1362 cui
873 1321 1142 1376 praecipitur,
1187 1324 1236 1362 ut
1275 1320 1436 1375 antiqui
1473 1321 1657 1374 parentis

5 1369 7 1392 ἶ
48 1430 52 1436 ,
89 1405 101 1410 ·
130 1391 263 1434 oblita
286 1391 414 1447 regiis
441 1383 486 1433 se
513 1391 775 1446 amplexibus
794 1394 925 1446 paret.
945 1392 1149 1434 uictorem
1172 1394 1313 1433 autem
1341 1404 1436 1434 eum
1458 1404 1564 1443 esse,
1587 1392 1659 1446 qui

4 1445 54 1501 ’.
129 1462 249 1505 dicit:
283 1462 540 1513 confidite,
574 1475 663 1517 ego
696 1462 797 1504 uici
829 1462 1063 1504 mundum
1097 1464 1140 1504 et
1171 1462 1223 1504 ad
1257 1475 1381 1516 quem
1407 1462 1490 1503 ista
1517 1462 1657 1504 adule-

128 1533 284 1575 scentis
316 1533 448 1575 oratio
482 1536 567 1575 est:
600 1546 623 1574 a
653 1535 704 1575 te
736 1532 977 1575 uictoria
1009 1535 1060 1575 et
1091 1533 1369 1586 sapientia
1400 1534 1451 1574 et
1482 1532 1658 1587 gloria

128 1606 179 1646 et
215 1617 309 1659 ego
348 1607 476 1646 tuus
515 1616 726 1656 seruus,
760 1605 952 1658 profecto
986 1604 1118 1654 nouit,
1153 1604 1224 1657 qui
1263 1603 1430 1646 domino
1462 1604 1658 1646 uincente

126 1675 344 1730 superauit
374 1678 417 1717 et
453 1677 520 1717 est
542 1669 765 1729 sparticeps
802 1675 1115 1729 triumphorum
1154 1675 1244 1717 eius
1284 1677 1327 1716 et
1364 1674 1436 1728 qui
1466 1674 1657 1717 inmarci-

127 1747 317 1788 scibilem
357 1746 514 1802 gloriae
553 1758 747 1788 coronam
787 1746 838 1788 de
877 1746 1055 1788 candore
1087 1747 1292 1788 bonorum
1325 1758 1499 1799 operum
1532 1748 1574 1787 et
1606 1745 1656 1787 de

127 1817 331 1860 uarietate
363 1818 573 1859 uirtutum
606 1817 741 1859 texuit
772 1817 987 1859 saluatori.

191 1889 229 1930 5.
268 1888 600 1930 Eructuauit
638 1900 726 1930 cor
762 1900 931 1929 meum
971 1887 1190 1930 uerbum
1221 1887 1426 1929 bonum.
1467 1898 1539 1940 pro
1573 1899 1654 1940 quo

248 2016 265 2049 1
294 2013 400 2049 *Mai
428 2013 462 2057 3,
487 2014 508 2048 6
582 2014 604 2048 2
630 2013 675 2049 cf.
700 2013 795 2048 Phil.
822 2013 854 2054 2,
883 2013 902 2047 7
976 2014 999 2047 4
1025 2012 1069 2047 cf.
1095 2011 1193 2047 Hier.
1221 2012 1277 2056 51,
1304 2012 1324 2046 7
1411 2012 1432 2046 5
1459 2012 1502 2047 cf.
1528 2012 1546 2047 I
1571 2012 1648 2049 Cor.

130 2074 161 2115 1,
189 2073 232 2108 18
307 2074 326 2108 7
354 2072 472 2108 *Esai.
499 2075 532 2117 5,
558 2072 578 2107 1
653 2073 675 2108 8
701 2073 853 2108 *Matth.
882 2073 936 2117 17,
964 2073 984 2107 5
1054 2071 1094 2106 11
1124 2070 1169 2106 cf.
1195 2071 1252 2106 Ps.
1278 2072 1335 2115 41,
1364 2071 1382 2106 1
1454 2071 1497 2106 14
1523 2071 1566 2106 cf.
1593 2072 1654 2106 Ps.

126 2133 183 2169 44.
211 2133 252 2167 11
336 2132 380 2167 16
405 2132 484 2167 Ioh.
512 2132 567 2173 16,
595 2132 640 2167 33
716 2132 759 2166 17
787 2131 917 2166 Esdras
945 2131 1103 2167 Graecus
1130 2131 1175 2175 (Ι)
1203 2130 1236 2172 4,
1265 2131 1310 2166 59
1371 2130 1417 2165 20
1444 2130 1486 2165 cf.
1513 2130 1531 2165 I
1555 2130 1652 2165 Petr.

126 2192 160 2236 5,
185 2193 209 2226 4
282 2191 327 2226 22
353 2192 412 2231 ΡΒ.
437 2192 495 2236 44,
522 2192 543 2226 2

176 2275 193 2308 1
222 2274 387 2310 dominus
412 2274 447 2309 L
549 2275 570 2308 2
597 2273 818 2319 formamque
842 2285 867 2319 g
987 2272 1164 2318 accipiens
1190 2272 1225 2306 Β
1329 2271 1350 2306 3
1376 2271 1552 2317 philistim
1581 2271 1656 2306 XB

125 2333 328 2379 philisthim
353 2333 388 2368 L
494 2334 756 2379 interpretatur
786 2332 1016 2377 WBa.c.m2
1134 2332 1158 2367 4
1184 2331 1382 2366 corruentis
1413 2330 1477 2373 W;
1505 2330 1591 2367 add.
1618 2332 1655 2365 et

128 2394 237 2436 (exp.)
267 2392 320 2427 W
387 2394 408 2428 6
435 2392 658 2438 suscepimus
676 2393 713 2427 Β
786 2392 1008 2427 carissimum
1034 2390 1085 2425 W
1155 2391 1174 2425 7
1202 2392 1238 2426 et
1263 2398 1334 2426 om.'
1350 2401 1375 2435 g
1447 2389 1556 2424 isaias
1575 2389 1658 2424 LM

126 2452 258 2487 dilecto
286 2451 409 2487 dilecti
432 2452 565 2497 scripsi
590 2451 724 2487 dilecto
751 2451 786 2486 Β
812 2451 935 2486 dilecti
962 2450 996 2485 L
1028 2450 1182 2485 dilectae
1208 2449 1345 2485 WXM
1390 2449 1411 2484 9
1437 2449 1539 2493 mihi]
1567 2448 1654 2483 add.

124 2511 216 2547 bene
242 2511 277 2546 L
350 2512 556 2558 conplacuit
581 2511 724 2547 La.r.B
780 2511 825 2546 10
851 2521 974 2546 omnes
1005 2509 1056 2545 W
1125 2509 1228 2554 Coi-e]
1257 2509 1363 2544 chore
1390 2508 1473 2543 LM
1494 2519 1593 2543 cores
1619 2508 1655 2542 B

127 2571 168 2605 11
197 2570 301 2605 chore
327 2571 362 2605 L
437 2572 481 2606 14
506 2571 598 2606 aliut
623 2571 663 2605 X
688 2571 798 2605 alium
824 2570 861 2605 B
957 2569 1066 2604 discit
1091 2568 1126 2603 L
1151 2568 1242 2604 dicit
1272 2568 1407 2603 WXM
1429 2567 1535 2602 docet
1560 2569 1655 2609 (ocet

125 2630 166 2664 in
189 2640 264 2664 ras.
292 2631 367 2674 m2)
392 2629 428 2664 Β
526 2630 574 2675 et]
602 2632 642 2664 ut
664 2641 688 2674 g
797 2629 852 2674 ut]
879 2631 942 2664 aut
972 2628 1024 2663 W
1114 2639 1189 2673 par.
1216 2629 1279 2662 ant
1311 2626 1360 2662 W
1454 2627 1497 2661 15
1524 2625 1652 2660 obliui-

125 2690 246 2723 scatur
268 2699 293 2733 g
436 2689 532 2734 regis
558 2689 593 2723 B
738 2689 788 2733 sc]
814 2687 878 2723 sed
902 2688 939 2722 B
1071 2688 1217 2732 paretur
1247 2686 1298 2720 W
1419 2695 1498 2719 eum
1525 2695 1595 2719 om.
1619 2683 1653 2718 L

126 2747 169 2781 17
198 2747 371 2782 uictoriae
390 2747 438 2782 M
485 2747 529 2782 18
554 2747 640 2782 noui
659 2747 694 2780 B
769 2746 844 2792 qui]
872 2746 956 2791 quia
976 2746 1081 2789 Xp.c.
1109 2744 1195 2789 quid
1221 2744 1272 2778 W
1293 2744 1353 2789 qui
1379 2743 1415 2777 in
1435 2743 1654 2787 L‚Ba·.c.m2

127 2806 170 2840 19
208 2807 398 2851 superatur
434 2806 469 2840 L
613 2806 699 2851 quia
738 2805 840 2849 ch
986 2805 1192 2839 ininarcesc.
1226 2803 1338 2847 Mp.c.
1379 2804 1584 2838 inmarcess.
1617 2802 1653 2836 Β

126 2865 167 2899 21
198 2865 295 2899 exuit
325 2865 377 2900 W
443 2865 490 2899 22
515 2865 693 2900 eructauit
717 2864 799 2899 ΜΒ
