1884 3254
0 669 2 671 ,
58 639 78 668 δ

42 990 78 1021 10

40 1346 76 1376 15

599 211 807 256 Epistula
830 210 979 246 XXXVI
1007 211 1142 246 10-11
1546 215 1630 256 277

102 354 275 397 regnare
317 340 522 395 incipiens
566 340 682 382 annis
729 339 1005 395 quadraginta
1048 339 1287 395 regnauerit
1332 342 1373 382 et
1410 339 1631 383 undecimo

101 412 238 455 filium
270 424 468 467 generare
498 423 579 462 non
611 410 809 465 quiuerit.

164 484 230 527 11.
269 483 380 524 Dum
418 481 520 524 haec
560 483 602 523 et
639 481 775 524 multa
811 481 1054 523 istiusmodi
1093 494 1257 524 mecum
1296 481 1506 524 sollicitus
1546 483 1634 524 uol-

101 566 258 604 uerem‚
286 553 449 608 aperuit
473 553 578 595 mihi
611 552 782 604 ostium,
811 553 882 606 qui
913 553 1040 595 habet
1072 554 1236 596 clauem
1262 553 1414 604 Dauid,
1442 554 1483 596 et
1507 553 1633 596 intro-

103 623 222 667 duxit
258 637 324 666 me
361 624 403 666 in
442 623 684 666 cubiculum
727 636 851 665 suum
891 623 1117 677 posuitque
1156 624 1199 666 in
1238 623 1442 666 foramine
1475 625 1633 678 petrae,

101 702 150 739 ut
181 697 280 750 post
317 695 515 749 spiritum
553 694 827 746 saeuientem,
861 696 958 749 post
996 697 1129 737 terrae
1167 707 1286 737 meae
1322 697 1502 746 motum,
1535 697 1635 748 post

100 767 339 810 incendium
370 766 644 822 ignorantiae,
678 778 759 820 quo
791 765 954 816 urebar,
987 779 1069 808 uox
1101 766 1153 808 ad
1190 779 1257 808 me
1298 779 1422 808 aurae
1458 766 1632 808 lenioris

103 838 320 881 accederet
346 838 629 891 diceremque:
655 836 837 890 inueni,
865 849 1007 891 quem
1034 837 1294 891 quaesiuit
1320 837 1482 879 anima
1509 850 1634 879 mea:

100 909 282 952 tenebo
317 922 425 951 eum
458 914 505 950 et
541 921 633 951 non
667 907 920 950 dimittam
952 921 1072 950 eum.
1106 908 1275 960 etenim,
1310 920 1407 950 cum
1438 907 1634 950 uideatur

102 980 308 1035 scriptura
344 980 455 1022 inter
491 992 536 1021 se
575 991 668 1021 esse
711 979 928 1031 contraria,
967 981 1193 1033 utrumque
1231 991 1382 1021 uerum
1421 980 1500 1030 est,
1539 991 1636 1020 cum

102 1050 319 1094 diuersum
352 1051 420 1094 sit.
452 1049 613 1106 egressi
645 1051 745 1092 sunt
782 1051 930 1104 quarta
967 1050 1234 1105 generatione
1271 1049 1348 1092 filii
1383 1050 1546 1092 Israhel
1585 1049 1636 1091 de

26 1130 30 1135 ·
100 1123 211 1164 terra
246 1122 443 1177 Aegypti.
472 1121 629 1176 replica
666 1121 956 1176 genealogiam
994 1121 1116 1163 Leui:
1156 1121 1261 1163 Leui
1299 1121 1446 1176 genuit
1484 1120 1630 1171 Caath‚

102 1192 236 1236 Caath
271 1193 420 1248 genuit
455 1192 668 1243 Ambram,
707 1191 907 1235 Ambram
945 1192 1091 1247 genuit
1126 1192 1278 1245 Aaron,
1315 1191 1454 1234 Aaron
1487 1191 1634 1246 genuit

99 1264 286 1314 Eleazar,
330 1263 500 1305 Eleazar
543 1263 689 1318 genuit
729 1262 891 1305 Finees.
938 1262 1068 1305 Caath
1113 1275 1210 1305 cum
1248 1264 1366 1317 patre
1405 1275 1482 1305 suo
1526 1261 1632 1304 Leui

99 1334 317 1389 ingressus
373 1335 440 1376 est
491 1333 744 1388 Aegyptum.
799 1346 968 1375 rursum
1017 1333 1190 1375 Eleazar
1239 1345 1335 1375 cum
1384 1335 1502 1388 patre
1555 1345 1631 1375 suo

100 1405 237 1448 Aaron
269 1417 466 1460 egressus
498 1406 564 1446 est
593 1403 848 1459 Aegyptum.
874 1417 896 1446 a
924 1402 1055 1445 Oaath
1088 1416 1223 1458 usque
1256 1404 1307 1445 ad
1333 1403 1506 1446 Eleazar
1537 1416 1632 1446 con-

100 1478 303 1531 putantur
327 1475 615 1531 generationes
642 1476 854 1529 quattuor,
881 1475 982 1517 licet
1008 1474 1179 1528 quidam
1205 1475 1339 1516 uelint
1358 1474 1409 1516 ab
1429 1474 1631 1517 Ambram

102 1547 286 1601 incipere
319 1548 361 1589 et
394 1558 526 1601 usque
559 1546 610 1587 ad
642 1545 808 1597 Finees‚
847 1547 897 1588 ut
927 1558 1002 1588 nos
1034 1545 1077 1587 in
1109 1545 1282 1588 Eleazar
1312 1545 1505 1597 fecimus,
1543 1558 1633 1600 per-

104 1617 259 1661 uenire.
279 1618 315 1660 si
341 1630 441 1660 uero
467 1618 654 1660 uolueris
682 1617 894 1672 disparem
919 1629 1139 1659 numerum
1169 1616 1402 1669 ostendere,
1423 1615 1635 1670 quomodo

220 1780 244 1815 4
270 1780 313 1815 ef.
339 1779 438 1815 Esai.
464 1781 520 1825 22,
547 1779 592 1814 22
660 1780 681 1815 5
708 1779 752 1815 cf.
778 1779 840 1816 Ex.
868 1779 924 1824 33,
951 1779 997 1814 22
1059 1779 1079 1814 7
1107 1778 1151 1814 cf.
1175 1778 1271 1814 Hiob
1298 1779 1332 1820 4,
1361 1779 1403 1814 16
1458 1778 1480 1814 8
1507 1748 1640 1814 *Cana

102 1840 136 1885 3,
161 1840 184 1874 4
259 1839 301 1874 12
330 1839 372 1875 cf.
398 1839 416 1874 1
440 1839 524 1874 Par.
548 1839 581 1881 6,
610 1839 703 1874 1-4

152 1923 169 1957 1
196 1924 363 1968 regnaret
388 1922 419 1968 (t
444 1922 552 1968 erae.)
579 1928 611 1958 m
739 1921 967 1957 undecimum
992 1921 1032 1956 1)
1151 1922 1174 1956 2
1198 1932 1270 1956 non
1297 1920 1478 1966 quieuerit
1504 1927 1536 1956 m
1565 1931 1636 1955 non

103 1981 269 2027 quiuerat
295 1981 557 2027 ¹§.lnequiuerit
585 1980 660 2021 AD
733 1980 755 2015 3
782 1979 881 2026 dum]
910 1980 954 2015 de
981 1986 1013 2016 tn
1111 1978 1319 2015 huiusmodi
1336 1979 1449 2014 ADB
1521 1981 1543 2015 4
1570 1990 1634 2025 ap-

100 2041 220 2087 peruit
242 2040 384 2075 „QamB
409 2040 525 2086 aperit
543 2039 583 2074 D
644 2041 680 2074 et
705 2050 774 2075 om.
795 2045 851 2085 tnq
915 2039 936 2074 5
958 2039 1023 2075 alt.
1043 2039 1092 2084 in]
1115 2049 1172 2074 me
1191 2039 1226 2074 in
1247 2039 1486 2084 mq‚Bp.c.m2
1536 2039 1556 2073 6
1578 2049 1636 2074 me

102 2102 261 2136 emotum
288 2106 320 2136 m
400 2099 516 2145 meae]
545 2098 613 2134 del.
639 2099 675 2133 A
701 2109 757 2134 me
783 2109 804 2144 q
860 2098 882 2134 8
908 2097 1090 2134 accideret
1117 2104 1174 2144 inq
1200 2097 1410 2133 ascenderet
1433 2098 1466 2133 Ω
1521 2099 1543 2133 9
1574 2097 1636 2133 de-

99 2160 244 2195 mittam
272 2165 305 2196 m
404 2159 469 2194 alt.
497 2169 578 2193 eum
604 2169 671 2194 om.
698 2157 811 2193 ΑΕΒ
886 2157 928 2193 11
955 2157 1063 2193 israel
1090 2157 1186 2203 qu
1262 2157 1304 2191 12
1330 2156 1472 2202 repleca
1497 2163 1636 2203 tn,qa.c.

99 2218 234 2264 replico
260 2219 294 2253 Ω
389 2217 605 2263 genealogia
631 2223 687 2263 mu
803 2216 907 2252 caa*h
934 2215 1040 2262 (corr.
1068 2215 1190 2262 caath)
1217 2215 1323 2251 caath
1350 2221 1383 2252 tn
1409 2217 1491 2265 caat
1516 2215 1571 2251 bis
1598 2216 1638 2251 D

99 2277 233 2314 cahath
259 2277 365 2312 cahat
389 2278 498 2323 (corr.
525 2267 671 2323 cahath)
697 2276 733 2311 Β
758 2276 871 2311 kaath
896 2276 952 2312 bis
975 2276 1009 2311 Ω
1032 2275 1153 2322 gaadh
1179 2275 1235 2311 bis
1259 2275 1295 2310 A
1402 2275 1446 2310 13
1473 2275 1637 2311 ambram

98 2340 254 2381 utroque
280 2337 356 2372 loco
382 2337 416 2371 Ω
441 2347 573 2372 amram
601 2339 662 2372 cet.
811 2336 855 2371 14
882 2335 1053 2371 elehadar
1078 2335 1222 2371 eleadar
1254 2334 1360 2381 (corr.
1388 2335 1569 2379 elehadar)
1600 2335 1635 2370 B

99 2394 203 2429 finies
230 2401 263 2431 tn
361 2397 442 2430 caat
467 2394 507 2430 D
532 2395 639 2430 cahat
664 2394 700 2429 B
725 2394 837 2430 kaath
860 2395 894 2430 Ω
918 2394 1038 2440 gaadh
1060 2395 1095 2430 A
1193 2394 1266 2430 leui
1290 2405 1318 2431 8.
1345 2394 1370 2429 l.
1393 2393 1426 2429 Ω
1505 2394 1549 2429 15
1582 2394 1639 2428 est

97 2453 136 2488 in
164 2460 221 2500 mq
317 2465 438 2489 rursus
463 2453 540 2488 AD
636 2453 781 2489 eleadar
805 2454 841 2489 B
917 2454 960 2489 16
987 2465 1007 2489 a
1032 2453 1110 2499 (sic)
1138 2454 1261 2500 egipto
1289 2453 1392 2491 mab
1419 2455 1575 2499 aegypto
1605 2453 1639 2487 Ω

100 2511 145 2547 de
171 2515 326 2558 aegypto
352 2513 389 2548 Β
521 2513 555 2558 a]
582 2524 722 2548 rursum
748 2524 768 2548 a
794 2519 827 2550 m
853 2524 974 2548 rursus
1000 2514 1109 2558 (exp.)
1135 2523 1155 2548 a
1180 2513 1217 2547 Β
1241 2512 1272 2548 Β
1297 2524 1318 2548 a
1344 2523 1364 2558 q
1486 2514 1568 2547 caat
1600 2511 1638 2546 D

100 2571 209 2607 cahat
232 2572 268 2607 Β
292 2572 405 2607 kaath
428 2573 462 2607 Ω
486 2572 583 2617 gadh
609 2573 715 2617 (corr.
742 2572 879 2618 gaadh)
899 2572 935 2607 A
1008 2571 1153 2608 eleadar
1171 2572 1206 2607 Β
1257 2571 1300 2607 17
1327 2570 1573 2617 generacionis
1605 2576 1636 2606 m

99 2631 229 2667 uellint
255 2638 287 2668 m
314 2631 452 2666 uellent
474 2631 514 2666 D
658 2631 701 2667 ab
726 2642 755 2667 8.
783 2632 806 2668 l.
833 2642 854 2678 q
1004 2631 1174 2667 Ambram
1199 2631 1330 2676 scripsi
1356 2641 1490 2665 amram
1515 2628 1634 2664 ADB

100 2690 271 2726 abraham
296 2694 358 2726 cet.
434 2690 478 2726 18
505 2692 542 2726 et
568 2692 695 2736 usque]
723 2701 835 2736 usque
863 2691 1106 2736 mq,Ba.c.m2
1132 2692 1169 2725 et
1192 2690 1302 2725 ΩΑΒ
1398 2688 1465 2724 fec.
1492 2689 1528 2723 in
1556 2688 1627 2723 ele-

98 2748 185 2785 adar
209 2750 245 2784 B
342 2749 538 2785 eleazarum
565 2749 600 2784 A
626 2749 837 2785 elealzarum
863 2749 903 2784 D
929 2749 1072 2784 eleadar
1097 2749 1133 2784 B
1207 2749 1250 2784 19
1278 2748 1409 2794 dispari
1435 2758 1580 2782 numero
1602 2747 1635 2781 Ω

100 2807 207 2854 disp.]
235 2802 491 2854 dissiparequ
