1884 3254
39 1064 75 1093 10

647 286 853 332 Epistula.
877 285 959 321 LIV
984 286 1078 322 3-4
1542 289 1627 330 469

101 420 191 460 rata
223 431 281 460 es.
320 416 625 472 amarissimam
658 417 866 460 choleram
899 419 999 459 tuae
1036 429 1202 459 sensere
1235 416 1391 468 fauces,
1431 416 1629 472 egessisti

101 490 343 531 acescentes
369 489 412 529 et
436 487 654 529 morbidos*
678 488 805 540 cibos,
832 486 1031 530 releuasti
1058 482 1320 530 aestuantem
1342 486 1626 530 stomachum:

102 559 203 613 quid
227 558 295 601 uis
321 546 468 602 rursus
493 559 696 614 ingerere,
723 559 834 613 quod
859 558 939 600 tibi
958 559 1126 601 noxium
1147 559 1256 601 fuit?
1283 559 1430 601 canis
1457 571 1628 600 reuer-

101 633 219 673 tens
253 629 314 671 ad
344 629 608 672 uomitum
645 632 694 671 et
732 641 822 671 sus
863 629 922 671 ad
960 630 1310 672 uolutabrum
1347 629 1466 672 luti.
1505 629 1629 671 bruta

103 713 269 755 quoque
310 700 519 742 animalia.
543 702 584 742 et
622 712 754 755 uagae
794 712 894 742 aues
931 700 971 742 in
1013 701 1181 742 easdem
1226 700 1396 754 pedicas
1441 700 1628 754 retiaque

23 786 26 788 ’
100 784 180 814 non
211 770 415 813 incidunt.
452 783 501 812 an
534 770 706 822 ueteris,
745 783 795 812 ne
827 771 966 824 proles
998 771 1181 813 Furiana
1219 770 1386 814 deficiat
1424 774 1465 814 et
1503 783 1550 813 ex
1587 773 1628 814 te

100 854 249 896 parens
287 843 388 883 tuus
426 853 506 883 non
547 841 701 884 habeat
735 841 972 896 pusionem,
1018 841 1090 896 qui
1125 844 1264 896 reptet
1299 841 1341 884 in
1381 844 1548 896 pectore
1589 844 1630 884 et

101 913 287 954 ceruices
332 912 423 954 eius
468 917 650 954 stercore
692 912 825 954 linat?
858 912 1077 967 quippini?
1115 925 1260 955 omnes
1305 912 1461 955 habent
1503 912 1628 963 filios,

101 996 206 1037 quae
243 983 427 1025 habuere
472 983 751 1034 matrimonia,
800 986 855 1035 et,
902 984 1054 1038 quibus
1098 984 1185 1025 nati
1230 985 1329 1026 sunt
1369 983 1507 1033 liberi,
1552 996 1628 1026 suo

101 1053 240 1109 generi
278 1053 599 1107 responderunt!
640 1053 828 1096 exhibuit
866 1054 1077 1100 Ciceronis
1109 1053 1225 1096 filius
1257 1055 1417 1109 patrem
1460 1054 1502 1096 in
1547 1054 1626 1096 elo-

0 1117 32 1140 ’·
100 1124 298 1179 quentia?
355 1124 546 1167 Cornelia
594 1126 751 1176 uestra,
807 1125 1038 1178 pudicitiae
1089 1124 1218 1167 simul
1267 1126 1310 1167 et
1357 1125 1628 1167 fecunditatis

40 1418 76 1447 15

100 1197 323 1249 exemplar,
370 1195 551 1238 Graecos
591 1208 691 1238 suos
736 1208 781 1238 se
825 1196 1023 1251 genuisse
1065 1196 1222 1238 laetata.
1266 1198 1358 1238 est?
1402 1195 1628 1238 ridiculum

100 1279 265 1320 sperare
296 1279 370 1320 pro
404 1269 531 1318 certo,
566 1267 678 1321 quod
709 1267 868 1310 multos
901 1269 944 1309 et
974 1279 1055 1309 non
1088 1267 1240 1309 habere
1272 1266 1418 1309 uideas
1445 1268 1499 1318 et,
1533 1280 1628 1309 cum

99 1337 337 1389 habuerint,
368 1338 615 1391 perdidisse.
645 1338 712 1380 cui
740 1338 919 1380 dimittis
946 1340 1084 1380 tantas
1112 1338 1313 1381 diuitias?
1341 1326 1524 1389 Christo,
1558 1337 1630 1392 qui

99 1408 206 1450 mori
249 1421 330 1450 non
374 1411 527 1463 potest.
570 1422 695 1463 quem
739 1409 915 1452 habebis
948 1408 1173 1453 heredem?
1216 1409 1373 1464 ipsum,
1420 1421 1545 1463 quem
1589 1411 1631 1451 et

99 1479 326 1531 dominum.
358 1479 676 1522 contristabitur
705 1481 836 1534 pater,
869 1479 944 1522 sed
967 1479 1196 1522 laetabitur
1221 1479 1433 1530 Christus3
1466 1479 1631 1535 lugebit

98 1550 271 1602 familia,
311 1551 387 1593 sed
418 1551 555 1606 angeli
588 1550 926 1606 gratulabuntur.
958 1551 1088 1593 faciat
1117 1552 1249 1604 pater,
1289 1550 1397 1605 quod
1430 1551 1538 1601 uult,
1580 1550 1629 1592 de

218 1678 240 1713 3
267 1677 328 1712 *11
351 1678 448 1714 Patr.
476 1678 509 1721 2,
537 1677 582 1712 22

150 1749 167 1783 1
196 1749 420 1785 amarissima
449 1750 481 1783 Φ
578 1749 732 1783 coleram
757 1747 874 1784 KDB
901 1748 1033 1783 oleram
1065 1748 1103 1783 Ψ
1126 1748 1267 1784 cholere
1298 1749 1330 1782 Φ
1427 1748 1569 1794 egicisti
1599 1749 1631 1783 Φ

100 1809 239 1844 eiecisti
264 1809 303 1844 D
358 1809 379 1842 2
404 1809 575 1843 reuelasti
600 1806 721 1842 ΚΦΨ
790 1810 978 1843 aestuante
1004 1807 1047 1842 K
1069 1810 1275 1843 extuantem
1305 1808 1339 1843 G
1365 1810 1569 1843 astuantem
1600 1809 1632 1842 Φ

100 1870 121 1904 3
141 1870 215 1914 ing.
236 1879 356 1902 rursus
375 1869 407 1902 Φ
478 1879 617 1902 rursum
638 1867 677 1902 D
748 1878 913 1902 reuersus
926 1867 1003 1902 DB
1016 1878 1054 1902 se
1067 1869 1213 1903 uertens
1232 1868 1264 1901 Φ
1311 1869 1334 1902 4
1354 1878 1456 1902 suum
1477 1878 1570 1902 nom.
1591 1867 1630 1902 D

100 1940 192 1963 uom.
220 1939 323 1962 suum
348 1928 384 1962 B
492 1938 573 1962 sues
604 1928 654 1970 Φ,·
681 1926 766 1962 add.
793 1927 870 1962 lota
894 1926 970 1961 DB
1078 1927 1347 1962 aduolutabunt
1376 1928 1408 1961 Φ
1506 1926 1564 1974 ad]
1592 1927 1630 1961 in

7 1993 27 2014 Ἴ
99 1989 148 2030 D,
175 1999 243 2023 om.
271 1988 305 2022 Β
426 1986 616 2021 uolutabro
642 1986 682 2021 D
707 1989 765 2030 (ex
790 1986 882 2030 bol-)
908 1986 944 2021 B
1040 1986 1061 2021 5
1089 1997 1229 2032 queque
1259 1987 1292 2021 Φ
1410 1985 1567 2032 peducas
1597 1985 1631 2020 G

99 2048 121 2082 6
147 2058 218 2082 non
243 2058 311 2082 om.
342 2045 375 2082 G
459 2045 633 2081 incedunt
657 2045 735 2080 ΚΦ
820 2045 933 2090 prolis
958 2045 997 2080 D
1076 2044 1247 2080 deficiant
1275 2046 1307 2080 Φ
1380 2047 1400 2080 7
1426 2046 1568 2091 pariens
1598 2044 1631 2080 G

99 2106 260 2141 habeant
289 2106 321 2140 Φ
415 2105 616 2151 pusionem]
643 2105 846 2150 portionem
871 2103 1090 2141 Ka.e.m2ff¹
1194 2105 1329 2150 regitet
1358 2104 1396 2139 Ψ
1416 2105 1568 2147 reptitet
1593 2102 1637 2138 K

101 2167 156 2211 (pt
181 2175 224 2200 ex
249 2176 272 2210 g
297 2166 372 2208 m2)
448 2163 470 2198 8
490 2163 665 2199 ceruicem
689 2175 714 2208 ς
787 2163 905 2198 linant
935 2162 973 2198 Ψ
994 2163 1101 2198 liniat
1129 2162 1163 2198 G
1188 2164 1249 2207 (ex
1274 2163 1387 2209 -atur)
1412 2163 1632 2207 D,Bp.c.m2

103 2223 214 2259 clinat
243 2224 275 2257 Φ
425 2222 589 2268 quippini
618 2222 652 2257 G
679 2222 811 2268 quippe
836 2222 876 2257 D
902 2222 1034 2268 quippe
1060 2233 1104 2257 ne
1131 2226 1193 2257 cet.
1339 2221 1476 2257 habent
1501 2231 1568 2257 om.
1600 2222 1631 2255 Φ

102 2284 124 2318 9
151 2283 212 2327 qui
241 2282 274 2317 G
354 2273 620 2317 matrimonium
652 2281 689 2316 Ψ
713 2281 930 2328 patrimonia
960 2282 992 2316 Φ
1062 2281 1184 2327 liberi]
1211 2281 1276 2316 filii
1302 2281 1338 2316 Β
1413 2282 1456 2316 10
1482 2292 1630 2326 respon-

101 2342 240 2377 sierunt
268 2343 300 2376 Φ
409 2341 545 2376 exibuit
569 2341 723 2376 ΚΦΨΒ
837 2341 886 2375 fil.
913 2341 974 2376 cic.
1000 2342 1039 2376 D
1136 2341 1177 2376 11
1207 2341 1357 2376 cornilia
1382 2351 1426 2376 ex
1451 2340 1572 2375 cornia
1601 2341 1632 2374 Φ

102 2404 220 2436 uestre
250 2401 282 2435 Φ
400 2400 575 2446 pudititia
603 2401 635 2435 Φ
697 2429 699 2431 .
745 2400 789 2435 12
817 2400 979 2445 exempla
1003 2398 1088 2435 ΚΨ
1204 2411 1288 2435 suos
1314 2410 1461 2445 graccos
1487 2410 1569 2434 suos
1600 2400 1632 2433 Φ

102 2459 275 2505 gracchos
302 2459 337 2494 Β
362 2470 509 2505 graecos
529 2459 568 2494 D
665 2460 715 2504 se]
743 2459 773 2494 si
798 2458 835 2493 Ψ
927 2458 1125 2494 ridie—14
1151 2458 1239 2504 diu.]
1267 2457 1459 2493 dolendum
1487 2460 1542 2493 est
1559 2468 1630 2492 non

102 2529 272 2564 quaerere
297 2519 460 2554 homines
486 2520 646 2560 aeterna,
673 2529 764 2563 quae
791 2521 890 2554 certa
914 2520 1010 2564 sunt,
1038 2520 1075 2552 et
1100 2529 1243 2563 sperare
1274 2529 1338 2564 pro
1365 2519 1463 2552 certo
1489 2519 1629 2562 tempo·

101 2578 201 2619 ralia,
235 2589 325 2623 quae
358 2576 460 2624 (add.
494 2580 531 2613 et
560 2578 602 2613 in
627 2588 693 2623 my.
719 2579 796 2624 m2)
829 2577 963 2612 multos
996 2578 1081 2622 (seq.
1113 2588 1189 2612 ras,
1222 2579 1247 2612 2
1278 2577 1362 2621 litt.)
1394 2588 1464 2611 non
1498 2576 1630 2610 habere

101 2637 226 2672 uideas
257 2639 304 2681 et,
337 2648 416 2672 cum
447 2637 652 2679 habuerint,
685 2635 903 2683 perdedisse.
931 2636 1027 2682 quod
1052 2637 1082 2671 si
1115 2636 1246 2671 dixerit
1272 2636 1366 2681 quis:
1401 2636 1457 2670 cui
1484 2635 1629 2670 dimitto

102 2698 224 2731 tantas
251 2695 425 2731 diuitias?
451 2695 628 2741 responde
654 2707 676 2732 ε
819 2695 934 2741 ridie]
962 2694 1051 2730 add.
1077 2696 1133 2730 est
1157 2695 1193 2729 B
1333 2695 1376 2729 13
1403 2696 1565 2739 spectare
1592 2693 1630 2728 D

102 2755 259 2790 habuere
288 2755 322 2790 G
385 2755 430 2789 14
454 2757 548 2790 tant.
574 2754 658 2790 dim.
683 2755 720 2789 B
799 2753 961 2788 dimittes
992 2752 1026 2788 G
1103 2754 1216 2788 tantis
1243 2752 1359 2787 diuias
1390 2753 1422 2786 Φ
1485 2752 1527 2786 15
1555 2751 1629 2786 her.

103 2814 185 2849 hab.
215 2815 247 2849 Φ
318 2814 417 2860 hab.]
438 2811 560 2849 'habeo
587 2813 715 2859 inquid
740 2825 762 2849 ε
836 2813 900 2848 alt.
928 2823 1031 2858 quem
1059 2822 1128 2847 om.
1153 2811 1232 2847 K‘I‘
1309 2811 1351 2846 16
1379 2810 1462 2845 sam.
1490 2811 1563 2855 lug.
1596 2809 1633 2845 Ψ

107 2874 147 2908 17
175 2874 402 2919 gratulantur
426 2885 447 2909 ε
474 2873 751 2918 glatulabuntur
779 2873 812 2907 Φ
907 2872 1016 2918 quod]
1046 2871 1107 2917 qui
1134 2883 1156 2907 ε
