1884 3254
652 239 860 285 Epistula
885 238 966 275 LIV
993 239 1084 275 1-2
1549 244 1633 285 467

166 370 206 410 2.
249 368 383 411 Taceo
424 368 473 410 de
511 369 644 411 Paula
683 372 725 411 et
764 369 1012 420 Eustochio,
1058 370 1201 425 stirpis
1240 372 1407 413 uestrae
1446 371 1632 422 floribus,

104 451 156 481 ne
197 452 273 493 per
316 442 577 482 occasionem
623 440 923 484 exhortationis
967 443 1063 483 tuae
1111 441 1206 484 illas
1255 441 1425 484 laudare
1474 441 1632 492 uidear,

103 510 408 565 Blesillamque
451 512 679 565 praetereo,
731 524 837 565 quae
881 512 1079 554 maritum
1125 525 1263 564 suum,
1313 514 1435 557 tuum
1487 514 1633 556 secuta

103 593 348 636 germanum
380 581 421 623 in
453 581 572 624 breui
604 582 718 624 uitae
751 583 887 636 spatio
919 585 1110 638 tempora
1140 583 1349 626 uirtutum
1375 583 1511 626 multa
1537 597 1632 626 con-

103 651 252 706 pleuit.
289 654 414 706 atque
446 652 608 708 utinam
641 653 865 707 praeconia
895 654 1144 697 feminarum
1175 654 1440 697 imitarentur
1469 655 1552 697 uiri
1591 657 1633 697 et

32 770 37 771 ⁷
100 723 256 778 rugosa
299 725 494 765 senectus
543 723 748 775 redderet,
800 723 912 778 quod
962 726 1110 779 sponte
1161 725 1281 768 offert
1324 725 1629 768 adulescentia!

101 793 237 836 sciens
270 795 312 836 et
343 793 492 836 uidens
524 794 564 836 in
592 794 803 836 flammam
829 795 953 838 mitto
979 809 1164 838 manum:
1201 796 1464 838 adducentur
1488 809 1630 852 super-

100 864 209 916 cilia,
255 864 501 907 extendetur
537 865 755 908 brachium
794 865 1080 921 iratusque
1126 865 1377 909 Chremes
1422 867 1628 910 tumido

99 934 385 977 desaeuiet
417 948 517 980 ore.
558 938 815 992 consurgent
843 949 1036 991 proceres
1069 940 1111 979 et
1142 937 1369 980 aduersum
1402 938 1627 993 epistulam

98 1018 234 1048 meam
270 1006 394 1049 turba
430 1007 608 1061 patricia
647 1007 865 1050 detonabit
907 1021 974 1050 me
1017 1022 1204 1064 magum,
1249 1022 1316 1051 me
1362 1009 1625 1051 seductorem

12 1098 38 1125 v,
97 1077 317 1119 clamitans
351 1080 393 1120 et
417 1077 459 1119 in
491 1080 624 1121 terras
651 1079 825 1121 ultimas
853 1079 1162 1133 asportandum.
1196 1079 1364 1132 addant,
1397 1080 1435 1123 si
1460 1080 1625 1131 uolunt,

11 1187 14 1189 .
97 1150 140 1190 et
165 1147 411 1200 Samariten,
444 1151 494 1192 ut
519 1149 678 1192 domini
702 1150 786 1192 mei
811 1150 986 1192 titulum
1011 1163 1324 1205 recognoscam.
1358 1153 1470 1193 certe
1495 1150 1624 1193 filiam

95 1231 119 1260 a
161 1221 331 1274 parente
375 1232 456 1262 non
510 1219 653 1263 diuido
712 1233 789 1263 nec
834 1220 927 1263 dico
971 1220 1080 1263 illud
1123 1221 1173 1263 de
1218 1221 1457 1276 euangelio:
1509 1221 1624 1264 sine

19 1282 22 1285 “
94 1291 294 1333 mortui
327 1291 604 1346 sepeliant
635 1294 877 1335 mortuos
911 1304 1048 1334 suos.
1086 1292 1197 1334 uiuit
1229 1293 1353 1343 enim,
1387 1293 1459 1347 qui
1492 1292 1626 1335 credit

93 1361 135 1403 in
174 1357 356 1414 Christo,
389 1364 445 1413 et,
478 1363 550 1416 qui
582 1363 624 1405 in
657 1363 777 1405 illum
810 1363 956 1414 credit,
990 1363 1137 1405 debet
1173 1363 1335 1418 utique,
1377 1364 1620 1418 quomodo

4 1402 18 1459 ³¹·
92 1433 182 1476 ille
213 1433 508 1485 ambulauit,
543 1435 591 1475 et
621 1434 730 1488 ipse
763 1433 1032 1476 ambulare,

211 1596 232 1631 8
258 1596 383 1632 Horat.
404 1607 436 1631 a.
456 1608 490 1642 p.
511 1597 558 1632 94
627 1597 669 1632 12
691 1596 832 1632 cf.10h.
854 1596 887 1638 8,
907 1596 952 1631 48
1023 1597 1064 1632 13
1093 1596 1200 1632 *Luc.
1227 1597 1260 1639 9,
1287 1596 1332 1632 60
1359 1598 1427 1652 etc.
1503 1597 1547 1632 14
1574 1596 1618 1632 cf.

0 1694 18 1699 „
92 1655 171 1691 Ioh.
199 1655 253 1700 11,
279 1655 324 1691 25
399 1657 443 1692 15
469 1655 506 1690 *Ι
531 1655 607 1690 Ioh.
633 1655 668 1700 2,
695 1656 716 1690 6

141 1764 157 1798 1
186 1763 302 1808 taceo]
331 1762 451 1798 decita
480 1763 512 1797 Φ
609 1762 795 1797 eusthocio
821 1762 865 1797 K
887 1762 1086 1798 estochium
1116 1762 1150 1798 G
1176 1763 1322 1806 eusth(h
1349 1762 1551 1807 s.l.)ochiae
1583 1763 1620 1797 Ψ

13 1820 18 1823 χ
91 1822 280 1858 austochia
310 1823 341 1856 Φ
473 1822 605 1868 styrpis
634 1821 713 1857 GK
830 1822 852 1856 2
877 1832 942 1856 nec
972 1821 1011 1857 Ψ
1140 1821 1373 1857 exortationis
1403 1821 1620 1866 Gp.r.D‹1⁵B

90 1882 111 1917 3
137 1881 248 1916 blaes.
273 1892 298 1926 ς
322 1880 465 1916 blesilla
492 1892 636 1926 quoque
667 1882 699 1915 Φ
860 1883 985 1916 secuta
1009 1892 1122 1926 germ.
1145 1882 1200 1925 (ta
1226 1892 1290 1926 ger
1315 1881 1356 1916 in
1380 1892 1454 1916 ras.
1481 1882 1558 1925 m2)
1583 1880 1620 1915 B

89 1943 251 1976 secutum
275 1941 308 1975 Φ
354 1941 378 1975 4
403 1940 441 1975 in
466 1940 640 1975 breui—6
669 1940 781 1986 adul.]
808 1940 914 1975 multi
939 1940 1087 1976 iuuenes
1113 1942 1164 1984 (es
1192 1951 1236 1975 ex
1260 1941 1291 1974 is
1316 1942 1392 1984 ΜΒ)
1419 1941 1618 1975 seruientes

22 1993 25 2002 ¹
88 2003 142 2044 (es
168 2011 212 2035 επ
235 2001 266 2035 is
291 2002 367 2044 m2)
402 1999 468 2035 deo
502 2002 539 2035 et
571 1999 785 2035 caelebriter
817 2011 857 2034 ex
887 1999 953 2034 hac
984 2000 1064 2035 luce
1089 1999 1256 2045 migratis
1282 1999 1335 2034 ita
1359 2000 1462 2049 uiam*
1483 1999 1618 2034 domini

90 2071 213 2105 gressu
239 2060 403 2105 praepeti
430 2062 673 2102 cucurrerunt,
700 2061 740 2093 ut
766 2060 802 2093 in
828 2059 929 2094 breui
954 2060 1053 2094 uitae
1078 2058 1237 2104 spacium
1257 2061 1420 2104 tempora
1440 2058 1616 2093 uirtutum

87 2119 202 2154 multa
227 2120 447 2164 conplerent.
476 2119 592 2165 adque
618 2120 756 2154 utinam
784 2119 976 2165 praeconia
991 2119 1160 2153 iouenum
1181 2118 1410 2153 imitarentur
1435 2129 1538 2153 senes
1563 2119 1615 2162 (es

85 2188 130 2214 ex
153 2179 183 2213 is
203 2180 278 2224 m2)
305 2180 342 2213 et
366 2189 477 2223 rugus
505 2189 545 2214 ac
572 2180 738 2214 senectus
765 2177 932 2213 redderet
957 2177 1010 2223 (et
1029 2188 1072 2212 eac
1091 2178 1120 2212 it
1138 2178 1225 2221 m2),
1246 2177 1342 2222 quod
1360 2178 1489 2222 sponte
1511 2176 1615 2211 offert

87 2237 330 2273 adolescentia
355 2238 425 2282 (ole
451 2249 495 2273 ex
521 2238 572 2272 uli
598 2240 674 2282 m2)
701 2249 723 2273 ε
795 2238 897 2273 breui
922 2237 1034 2283 uitae]
1062 2236 1253 2272 breuitatis
1282 2236 1350 2271 ΦΒ
1378 2236 1556 2271 breuitate
1577 2235 1614 2270 D

84 2296 204 2331 brebis
231 2297 301 2331 atis
325 2296 359 2331 G
386 2299 444 2341 (ew
467 2296 673 2341 brebitatis,
694 2296 816 2331 uoluit
834 2296 954 2331 breuis
975 2296 1120 2334 aetatis)
1217 2295 1295 2330 uita
1312 2294 1357 2329 K
1448 2295 1557 2340 spatii
1577 2294 1615 2329 D

85 2356 106 2390 5
132 2354 248 2401 adque
278 2355 353 2391 GK
451 2356 602 2401 utinam]
630 2358 672 2391 ut
695 2357 732 2391 in
752 2356 792 2391 D
889 2355 1077 2402 praeconio
1102 2356 1134 2390 Φ
1159 2355 1443 2401 praeconomiam
1471 2355 1527 2398 (in
1546 2365 1612 2400 my.

85 2416 328 2461 praeconium)
360 2416 394 2450 Ψ
513 2416 703 2451 imitentur
732 2415 766 2451 G
791 2415 956 2450 imitatur
985 2415 1016 2450 Φ
1137 2415 1186 2460 et]
1214 2417 1254 2448 ut
1282 2413 1315 2449 G
1443 2415 1463 2449 6
1491 2424 1612 2448 sen.—

84 2474 275 2521 flammam]
302 2486 400 2510 sema
429 2475 467 2510 Ψ
608 2475 764 2510 adulesc.
794 2473 909 2510 GKD
934 2473 1082 2509 adulisc.
1113 2474 1145 2508 Φ
1169 2473 1323 2508 adolesc.
1350 2485 1372 2509 ε
1399 2472 1468 2517 (ole
1494 2483 1538 2507 ex
1563 2472 1612 2506 uli

84 2536 161 2579 m2)
187 2534 223 2568 B
326 2535 345 2569 7
372 2533 516 2570 flamma
543 2534 623 2570 GK
721 2534 743 2569 8
771 2533 984 2580 expenditur
1013 2534 1045 2568 Φ
1165 2543 1299 2567 cremes
1329 2531 1363 2567 G
1387 2531 1610 2566 terentianus

87 2604 219 2628 cremas
238 2593 274 2628 B
298 2596 455 2629 tremens
473 2593 597 2629 KDW
667 2594 689 2629 9
716 2593 882 2628 desaeuit
904 2593 937 2628 G
963 2593 1104 2627 desinet
1127 2593 1158 2626 Φ
1184 2591 1356 2637 delitigat
1381 2591 1517 2626 Horat.
1540 2591 1561 2624 l.
1583 2602 1610 2625 e.

87 2655 123 2687 et
148 2663 215 2688 om.
239 2664 264 2697 g
383 2653 554 2689 aduersus
580 2653 701 2688 KDP
810 2653 854 2688 10
880 2652 1071 2687 denotauit
1098 2651 1132 2686 G
1231 2651 1270 2684 11
1301 2648 1561 2695 deportandum
1587 2660 1611 2693 g

88 2712 131 2746 12
157 2714 194 2747 et
218 2723 284 2747 om.
312 2713 351 2748 D
472 2713 642 2748 samarita
669 2713 704 2747 B
730 2712 932 2747 samar-itan,
953 2712 985 2746 Φ
1094 2711 1137 2746 13
1163 2712 1348 2756 parentem
1378 2708 1411 2744 G
1540 2719 1608 2742 non

85 2781 152 2807 om.
178 2771 217 2806 D
313 2772 404 2817 sine]
435 2772 521 2808 add.
548 2775 588 2807 ut
612 2783 636 2817 ς
736 2773 779 2806 14
805 2771 998 2817 sepelliant
1026 2770 1060 2806 G
1085 2770 1257 2815 sepiliant
1282 2768 1325 2803 K
1436 2767 1609 2812 mortuos]

85 2833 245 2866 mortuus
270 2831 314 2866 K
385 2832 429 2866 15
453 2835 534 2877 xpm
560 2842 585 2876 g
681 2831 745 2866 illo
772 2830 811 2865 D
885 2830 927 2864 16
954 2829 1030 2874 ille]
1057 2831 1093 2863 et
1118 2828 1179 2862 ille
1211 2828 1242 2862 Φ

1493 2895 1559 2932 30*
