1884 3254
643 219 850 264 Epistula
873 218 1022 253 XXXVI
1050 219 1139 253 1-2
1569 223 1655 264 269

129 349 244 401 uiris,
275 348 533 391 Tertulliano
565 351 708 390 nostro
742 348 906 390 scilicet
937 350 980 390 et
1003 347 1257 398 Nouatiano,
1283 349 1433 391 Latino
1465 362 1656 391 sermone

129 421 215 463 sint
245 420 381 462 editae
414 424 468 471 et,
496 419 533 467 si
565 431 675 461 noua
700 419 962 461 uoluerimus
995 419 1167 470 adferre,
1195 419 1251 462 sit
1281 420 1410 462 latius
1443 420 1655 474 disputan-

129 492 243 534 dum.
271 493 382 534 certe
415 492 601 546 expecto,
630 490 731 545 quid
763 491 948 544 placeat:
977 492 1172 533 utrumne
1205 491 1421 544 epistolari
1447 489 1656 533 breuitate
1693 494 1718 527 4

129 563 358 605 sententias
391 556 469 604 tibi
502 562 610 604 uelis
645 561 777 616 digeri
810 564 885 604 aut
916 562 1177 617 singulorum
1208 562 1338 605 libros
1371 561 1532 604 confici.
1559 575 1655 604 nam

87 646 103 673 5
129 635 172 676 et
209 631 408 689 Origenes
445 632 486 674 in
527 634 674 686 quarto
708 632 829 675 Pauli
862 632 911 674 ad
944 633 1154 675 Romanos
1186 632 1427 688 ἑξηγητικῶν
1457 635 1572 676 tomo
1605 632 1655 675 de

128 701 446 746 circumcisione
479 702 701 758 magnifice
733 703 971 758 disputauit
1004 705 1046 745 et
1071 703 1121 746 de
1146 703 1316 745 mundis
1342 704 1468 757 atque
1493 703 1656 745 inmun·

128 774 192 817 dis
224 774 475 816 animalibus
501 774 541 815 in
569 774 759 816 Leuitico
791 775 913 828 plura
945 774 1159 825 disseruit,
1186 776 1247 825 ut,
1282 774 1318 816 si
1348 774 1439 829 ipse
1469 773 1655 816 inuenire

128 845 231 887 nihil
262 858 445 900 possem,
479 845 529 887 de
562 845 651 887 eius
684 841 823 887 tamen
856 845 1043 888 fontibus
1076 849 1328 887 mutuarem.
1359 848 1402 887 et
1433 848 1482 887 ut
1513 845 1654 887 uerius

125 916 288 970 loquar,
326 916 497 970 Didymi
534 916 585 958 de
623 916 776 970 spiritu
817 912 960 958 sancto
999 916 1155 958 librum
1193 917 1235 958 in
1275 916 1468 958 manibus
1506 915 1654 965 habeo,

69 1001 104 1028 10
130 1000 252 1042 quem
285 988 536 1029 translatum
562 987 641 1029 tibi
674 987 798 1041 cupio
831 987 1037 1039 dedicare,
1064 1000 1114 1029 ne
1146 1000 1213 1029 me
1245 987 1442 1030 aestimes
1474 989 1655 1029 tantum-

127 1058 251 1101 modo
286 1058 524 1109 dormitare,
560 1059 632 1112 qui
663 1058 889 1101 lectionem
916 1059 1005 1101 sine
1032 1059 1130 1101 stilo
1158 1071 1354 1101 somnum
1378 1060 1515 1112 putas.
1543 1059 1655 1099 ante·
1693 1059 1716 1094 5

126 1129 226 1171 latis
251 1129 394 1182 itaque
418 1129 766 1183 problematibus,
788 1142 894 1183 quae
921 1129 1130 1184 epistulae
1155 1131 1253 1171 tuae
1280 1129 1534 1180 subieceras,
1554 1128 1655 1182 quid

126 1199 232 1241 mihi
249 1199 476 1250 uideretur,
504 1199 679 1242 adnexui
705 1200 871 1242 ueniam
892 1200 1114 1254 postulans
1135 1202 1177 1242 et
1194 1199 1477 1242 festinationis
1503 1199 1658 1253 pariter

128 1273 170 1312 et
212 1282 442 1312 morarum:
487 1270 787 1323 festinationis,
833 1271 930 1325 quia
979 1271 1031 1313 ad
1074 1284 1199 1313 unam
1243 1269 1655 1313 lucubratiunculam

69 1355 104 1383 15
130 1341 287 1383 dictare
319 1341 439 1383 uolui
463 1354 552 1383 rem
586 1341 765 1391 dierum;
799 1342 1024 1392 tarditatis,
1059 1342 1157 1397 quia
1189 1342 1270 1384 alio
1304 1354 1427 1396 opere
1459 1341 1657 1383 detentus

126 1425 206 1454 non
240 1412 386 1454 statim
418 1412 468 1454 ad
499 1412 758 1468 interrogata
787 1413 996 1466 rescripsi.

187 1483 227 1524 2.
254 1481 370 1532 Quid
386 1482 473 1524 m'bi
489 1482 600 1535 uult,
619 1482 734 1536 quod
754 1482 806 1523 in
837 1482 996 1524 Genesi
1018 1483 1228 1537 scriptum
1251 1486 1336 1525 est:
1364 1482 1537 1535 omnis,
1564 1481 1656 1536 qui

127 1552 373 1595 occiderit
406 1551 548 1606 Cain,
578 1556 764 1607 septem
793 1551 1062 1594 uindictas
1091 1552 1350 1594 eae-soluat?

185 1623 423 1677 Antequam
444 1623 494 1665 de
515 1623 760 1677 quaestione
780 1624 984 1675 dicamus,
999 1623 1161 1666 rectum
1181 1623 1364 1674 uidetur,
1379 1625 1429 1665 ut
1448 1622 1655 1665 editiones

67 1708 104 1737 20
125 1695 400 1749 interpretum
421 1694 685 1749 singulorum
707 1707 801 1737 cum
822 1695 914 1748 ipso
935 1693 1144 1737 Hebraico
1166 1694 1420 1749 digeramus,
1448 1706 1529 1748 quo
1555 1694 1654 1747 faci-

126 1766 210 1807 lius
237 1777 386 1807 sensus
414 1765 646 1818 scripturae
671 1765 809 1818 possit
832 1764 1045 1819 intellegi:
1067 1765 1256 1806 uaiomer
1275 1765 1315 1806 lo
1337 1764 1486 1806 adonai
1503 1763 1654 1806 lochen

130 1837 224 1878 chol
257 1848 350 1878 orec
384 1835 475 1877 cain
515 1835 752 1878 sobathaim
789 1836 998 1885 ioccamo;
1038 1834 1210 1890 Aquila:
1247 1838 1294 1877 et
1333 1835 1459 1877 dixit
1497 1834 1542 1876 ei
1579 1834 1656 1876 do-

250 1963 291 1997 17
319 1961 363 1997 cf.
390 1973 473 2007 pag.
499 1962 579 2004 266,
608 1962 651 1997 15
750 1961 863 1997 *Gem
887 1962 922 2007 4,
950 1961 993 1996 15

179 2046 195 2080 1
223 2047 346 2080 nostro
371 2055 439 2080 om.
465 2045 537 2080 ΩΒ
615 2044 756 2079 scilicet
780 2055 848 2080 om.
874 2045 908 2079 Ω
984 2044 1106 2079 latine
1123 2044 1160 2078 Β
1214 2044 1236 2079 2
1262 2045 1347 2078 sunt
1371 2044 1404 2079 Ω
1487 2043 1529 2078 ul·
1555 2042 1657 2086 (del.)

130 2104 268 2140 auferre
293 2104 390 2150 (del.)
418 2104 541 2139 afferre
567 2105 604 2140 Β
699 2105 722 2139 4
748 2106 812 2139 aut
836 2104 944 2150 sing.]
972 2104 1065 2149 sing.
1092 2115 1137 2139 an
1162 2104 1196 2139 Ω
1291 2104 1312 2138 5
1339 2103 1483 2148 quarto]
1510 2102 1595 2148 epra
1619 2102 1658 2138 B

131 2163 344 2210 ἔξηγητικῶν
379 2163 492 2208 tomo]
530 2162 1003 2198 EZHTHNKwNThOMO
1036 2163 1070 2198 Ω
1106 2160 1595 2198 ΕΞΕ-ΤΝΙΤΙΚΟΝΤωΜω
1620 2161 1656 2196 Β

129 2224 227 2258 tomo
254 2222 330 2257 AD
355 2221 555 2269 ἐξηγήσεων
579 2225 680 2257 tomo
704 2233 729 2267 g
801 2223 820 2257 7
847 2222 902 2267 ut]
929 2223 966 2256 et
991 2222 1025 2257 Ω
1097 2221 1118 2256 8
1142 2221 1277 2267 possim
1303 2222 1337 2257 Ω
1431 2222 1596 2263 mutuare
1620 2220 1658 2254 A

130 2284 313 2317 mutuarer
328 2282 369 2317 D
442 2284 479 2317 et
502 2292 570 2317 om.
591 2281 667 2317 AD
715 2282 736 2316 9
757 2280 892 2327 dydimi
910 2281 951 2316 D
976 2281 1103 2316 didimi
1122 2281 1196 2316 AB
1246 2281 1290 2316 10
1310 2281 1459 2315 extimes
1477 2280 1515 2314 B
1533 2280 1654 2314 existi-

130 2351 206 2376 mes
223 2351 248 2386 ς
304 2341 344 2376 11
368 2341 442 2387 qui]
464 2341 549 2387 quia
567 2342 601 2376 Ω
670 2341 793 2387 putas]
816 2340 916 2382 add„
935 2340 999 2376 sed
1009 2344 1142 2385 postea
1161 2339 1231 2375 del.
1251 2342 1336 2375 ante
1355 2338 1475 2374 missis
1495 2338 1656 2384 questio-

130 2399 235 2435 nibus
248 2400 285 2435 Β
334 2400 378 2435 13
398 2400 545 2445 pariter]
565 2401 704 2445 partem
719 2399 758 2435 D
809 2400 853 2435 14
872 2400 933 2444 qui
946 2399 1023 2435 AD
1073 2400 1116 2435 15
1136 2398 1235 2434 uolui
1254 2409 1328 2434 rem
1339 2397 1383 2447 D
1400 2397 1573 2433 noluerim
1588 2397 1658 2432 ΩΑ

130 2459 306 2494 noluerim
324 2461 430 2503 (corr.
451 2459 563 2501 uolui)
584 2459 621 2494 B
740 2458 878 2494 dierum
897 2458 974 2494 AD
999 2469 1088 2504 opus
1109 2457 1209 2494 dixer·
1229 2460 1263 2501 (x
1283 2458 1390 2502 erae.)
1409 2458 1444 2492 Β
1462 2457 1657 2492 multorum

133 2517 269 2553 dierum
296 2529 385 2563 opus
410 2519 480 2563 Ως
503 2518 563 2563 (m.
590 2529 647 2564 op.
674 2517 723 2562 d.)
810 2517 906 2563 quod
931 2518 964 2553 Ω
1021 2518 1063 2552 16
1089 2519 1174 2553 stat.
1201 2528 1271 2552 non
1297 2516 1331 2551 Ω
1414 2515 1459 2551 ad
1484 2526 1528 2551 ex
1552 2514 1596 2550 ab
1621 2515 1659 2548 A

135 2577 179 2612 18
205 2577 360 2612 exsoluit
377 2578 453 2612 AD
501 2577 546 2613 20
573 2577 713 2612 ebraico
732 2578 769 2612 B
792 2577 959 2612 hebreico
981 2584 1038 2622 mq
1063 2577 1196 2612 hebreo
1215 2577 1249 2612 Ω
1320 2575 1407 2621 dig.]
1434 2575 1657 2610 conferentes

134 2647 296 2672 sermone
311 2636 427 2682 digne
475 2637 517 2671 21
532 2636 1034 2682 sens.s0.]om.Dse.sens.g
1093 2635 1194 2671 uaior
1206 2635 1316 2670 merlo
1328 2635 1493 2679 Qquaior
1505 2632 1657 2668 mellom

135 2697 298 2730 uatomer
321 2698 386 2741 yot
410 2696 446 2730 B
518 2696 644 2731 lachen
674 2695 763 2741 ιυΩᾳ
789 2696 864 2730 lace
889 2696 925 2730 B
973 2696 1019 2730 22
1046 2695 1127 2731 chol
1153 2706 1239 2739 oreg
1266 2695 1355 2739 mssq
1383 2693 1449 2728 coh
1475 2693 1599 2736 looreg
1623 2691 1659 2725 B

137 2754 242 2790 chain
260 2756 294 2790 Ω
314 2766 389 2790 carn
403 2755 440 2790 Β
504 2755 696 2790 sobathain
720 2759 754 2799 (o
775 2766 820 2790 ex
839 2755 873 2801 a)
894 2762 926 2791 m
948 2754 1149 2790 sabathaim
1163 2755 1197 2789 Ω
1216 2753 1382 2788 sobothai
1401 2751 1441 2787 D
1459 2750 1660 2786 sabbataB

136 2814 311 2848 ioca-camo
331 2813 371 2848 D
395 2808 577 2849 iocchamo
603 2814 638 2848 A
663 2814 832 2849 iokkamo
857 2814 913 2859 Qq
938 2814 998 2848 ioh
1024 2814 1130 2848 kamo
1153 2819 1184 2848 m
1210 2815 1366 2847 torramo
1386 2811 1421 2845 B
1493 2809 1583 2844 dicit
1601 2814 1657 2853 inq
