1884 3254
79 1058 114 1085 10

80 1414 114 1442 15

0 1772 18 1793 Ἃ
80 1769 123 1797 20

704 275 911 321 Epistula
935 276 993 311 LV
1021 277 1043 311 4
1069 276 1121 322 (3)
1579 283 1667 324 493

141 410 379 461 tempore
425 406 567 448 uiuit
610 406 693 449 uir
737 406 869 449 eius.
920 407 964 448 si
1009 409 1184 449 autem
1236 407 1521 450 dormierit
1570 409 1665 460 uir,

141 477 520 520 liberata-est:
566 477 651 519 cui
694 478 829 527 uult,
875 477 1054 529 nubat,
1100 478 1306 520 tantum
1348 479 1398 520 in
1445 479 1668 526 domino.

141 560 285 590 omnes
340 548 471 603 igitur
526 548 792 590 causationes
849 549 1068 602 apostolus
1125 552 1347 603 amputans
1404 551 1670 604 apertissime

141 618 332 661 definiuit
367 619 540 661 uiuente
578 619 670 661 uiro
710 619 943 662 adulteram
982 632 1075 663 esse
1119 621 1354 672 mulierem,
1400 634 1506 675 quae
1549 621 1670 664 alteri

141 690 341 744 nupserit.
384 690 480 732 nolo
519 690 622 732 mihi
661 690 846 743 proferas
886 694 1096 745 raptorem
1138 693 1180 734 et
1216 692 1477 743 uiolentiam,
1521 693 1669 735 matris

138 761 467 814 persuasionem,
500 760 632 815 patris
660 761 967 814 auctoritatem,
993 762 1322 816 propinquorum
1349 765 1554 814 cateruas,
1588 776 1671 806 ser-

138 844 287 874 uorum
335 831 512 878 insidias
570 833 695 885 atque
752 834 1055 886 contemptum,
1113 832 1263 875 damna
1317 834 1378 875 rei
1427 834 1670 877 familiaris:

139 902 340 956 quamdiu
372 902 484 945 uiuit
515 902 594 953 uir,
631 902 734 944 licet
765 902 929 945 adulter
962 903 1031 953 sit,
1070 903 1171 946 licet
1202 904 1424 954 sodomita,
1463 904 1566 946 licet
1602 905 1672 946 fla-

139 973 256 1028 gitiis
296 974 490 1016 omnibus
533 978 757 1027 coopertus
803 976 844 1016 et
889 974 938 1017 ab
983 987 1111 1017 uxore
1154 976 1325 1029 propter
1366 975 1469 1017 haec
1514 975 1673 1018 scelera

140 1039 380 1095 derelictus,
412 1044 591 1086 maritus
625 1044 716 1086 eius
748 1046 980 1099 reputatur,
1014 1045 1082 1086 cui
1109 1045 1287 1087 alterum
1314 1045 1454 1088 uirum
1483 1045 1673 1100 accipere

139 1128 220 1157 non
252 1115 366 1157 licet.
403 1127 480 1157 nec
512 1115 592 1157 hoc
625 1116 844 1170 apostolus
876 1115 1045 1170 propria
1075 1116 1328 1158 auctoritate
1361 1116 1559 1167 decernit,
1599 1117 1672 1159 sed

140 1186 308 1229 Christo
346 1186 387 1228 in
427 1199 471 1228 se
509 1186 708 1240 loquente
742 1185 900 1229 Christi
943 1187 1083 1238 uerba,
1127 1187 1198 1242 qui
1243 1187 1303 1229 ait
1344 1187 1387 1229 in
1431 1188 1672 1243 euangelio:

141 1257 230 1311 qui
263 1257 506 1299 dimittit
543 1270 757 1299 uxorem
798 1270 944 1299 suam
984 1261 1208 1312 excepta
1247 1270 1410 1300 causa
1446 1258 1673 1300 fornica-

139 1329 324 1380 tionis,
364 1328 642 1370 faciteam
676 1329 972 1380 moechari3
1017 1322 1187 1382 etqui
1221 1329 1501 1372 dimissam
1534 1341 1674 1372 acce-

142 1400 293 1454 perit,
337 1400 551 1442 adulter
588 1402 682 1443 est.
720 1399 1019 1451 animaduerte,
1059 1400 1160 1455 quid
1199 1400 1330 1445 dicat:
1371 1401 1460 1454 qui
1499 1400 1674 1443 dimis-

142 1483 247 1514 sam
287 1472 581 1525 acceperit,
627 1471 844 1514 adulter
887 1473 991 1521 est;
1032 1471 1125 1513 siue
1162 1471 1255 1524 ipsa
1294 1471 1503 1514 dimiserit
1533 1471 1673 1514 uirum

142 1542 232 1584 siue
265 1553 288 1583 a
319 1541 412 1584 uiro
446 1541 624 1584 dimissa
656 1541 724 1590 sit,
758 1541 925 1583 adulter
956 1543 1034 1592 est,
1069 1541 1141 1595 qui
1173 1554 1264 1583 eam
1305 1541 1526 1595 acceperit.
1564 1541 1674 1584 unde

140 1614 183 1655 et
227 1612 408 1667 apostoli
453 1625 625 1668 grauem
671 1612 858 1667 coniugii
903 1612 1110 1655 sarcinam
1146 1612 1463 1667 intellegentes:
1509 1612 1555 1654 si
1597 1612 1675 1654 ita

140 1686 235 1737 est,
268 1676 481 1740 inquiunt,
516 1696 612 1725 non
652 1683 876 1738 expedit
911 1683 1119 1725 homini
1157 1696 1370 1726 uxorem
1411 1683 1677 1737 accipere.

141 1755 192 1797 ad
237 1768 341 1808 quos
387 1754 600 1797 dominus:
648 1754 738 1808 qui
781 1756 979 1808 potest,
1024 1754 1177 1808 inquit,
1223 1767 1428 1808 capere,
1476 1754 1674 1808 capiat,

141 1826 373 1880 statimque
411 1826 489 1869 sub
530 1826 719 1880 exemplo
760 1826 889 1868 trium
929 1826 1233 1868 eunuchorum
1255 1825 1515 1881 uirginitatis
1547 1825 1679 1867 infert

142 1897 461 1947 beatitudinem,
496 1910 602 1953 quae
634 1897 752 1939 nulla
785 1898 918 1940 carnis
950 1897 1044 1952 lege
1077 1896 1293 1940 retinetur.

262 2025 305 2060 13
332 2025 484 2062 *Mattn
513 2026 545 2069 5,
571 2025 617 2060 32
681 2025 725 2060 18
752 2024 907 2060 *Mam
937 2024 991 2071 19,
1018 2025 1063 2060 10
1126 2025 1171 2060 20
1196 2023 1327 2059 Matth.
1355 2023 1410 2068 19,
1441 2023 1483 2058 12
1551 2023 1595 2059 21
1630 2023 1676 2059 cf.

142 2084 274 2119 Matth.
305 2085 359 2128 19,
388 2084 431 2119 12

193 2168 208 2202 1
240 2168 293 2202 1111·
319 2167 396 2203 eius
421 2167 515 2202 uiuit
540 2166 611 2213 ψΒ
734 2167 803 2212 uir]
832 2165 918 2202 add.
947 2165 1022 2200 eius
1048 2165 1137 2210 D,B
1162 2176 1189 2200 s.
1218 2165 1240 2201 l.
1350 2165 1372 2200 3
1398 2165 1526 2210 igitur]
1555 2166 1677 2199 autem

144 2226 252 2262 DCB
349 2226 597 2272 apertissimus
627 2226 659 2261 Φ
730 2225 754 2260 4
780 2224 939 2260 difiniuit
968 2224 999 2259 Ο
1093 2224 1197 2270 quae]
1225 2224 1255 2258 si
1275 2223 1384 2260 DCB
1457 2224 1478 2258 5
1503 2224 1598 2268 rapt.
1626 2223 1676 2268 et]

145 2286 298 2332 raptoris
323 2286 400 2322 DB
425 2287 586 2332 raptores
609 2285 640 2320 G
685 2285 706 2320 6
733 2285 936 2320 suasionem
962 2285 994 2318 Φ
1017 2283 1276 2330 perstationem
1306 2282 1338 2318 Ο
1359 2282 1619 2328 prestationem
1638 2282 1681 2317 D

146 2348 327 2380 cateruam
351 2345 427 2380 Dc*
497 2346 516 2379 7
544 2346 654 2390 atque
679 2345 721 2380 in
745 2355 819 2380 ras.
845 2346 908 2379 m2
932 2343 968 2378 Β
994 2343 1110 2388 adque
1140 2342 1173 2378 G
1199 2345 1236 2378 et
1260 2354 1304 2388 ψ,
1331 2352 1398 2377 om.
1423 2340 1499 2376 Do
1592 2352 1676 2376 con-

144 2407 322 2450 temptum
354 2406 396 2440 in
427 2415 499 2441 rae.
526 2407 588 2440 m2
613 2404 650 2440 B
682 2405 902 2440 contemtum
933 2404 965 2438 Φ
996 2405 1185 2448 parentum
1210 2401 1286 2437 Do
1426 2401 1584 2446 dampna
1607 2401 1677 2446 ψΒ

146 2464 166 2499 8
194 2464 286 2499 uiuit
313 2463 380 2510 uir]
408 2463 543 2498 uibitur
571 2463 605 2499 G
704 2463 726 2498 9
752 2465 790 2498 et
813 2473 842 2498 s.
870 2462 894 2497 l.
913 2462 950 2497 Β
1050 2462 1092 2497 10
1120 2461 1194 2496 eius
1221 2461 1311 2506 1·ep.]
1341 2461 1397 2494 est
1421 2461 1613 2505 reputatus
1639 2459 1678 2494 D

148 2526 203 2558 est
227 2522 448 2569 reputandus
479 2522 544 2558 CB
641 2522 810 2568 alterum]
838 2521 1043 2557 adulterum
1073 2521 1104 2556 0
1198 2520 1313 2555 uirum
1340 2519 1396 2554 bis
1424 2520 1456 2553 Φ
1530 2518 1570 2553 11
1599 2520 1675 2564 1199]

147 2594 216 2617 non
242 2582 318 2617 DB
462 2593 520 2628 ap.
548 2582 635 2618 haec
665 2582 695 2616 G
814 2581 858 2616 12
887 2581 997 2615 uerba
1022 2591 1057 2625 ψ
1082 2578 1192 2614 uerba
1217 2580 1362 2613 secutus
1388 2579 1444 2612 est
1474 2576 1543 2611 GC
1566 2576 1678 2610 uerba

149 2645 308 2677 sectatus
334 2645 390 2677 est
414 2646 477 2678 cet.
535 2643 579 2677 13
605 2644 752 2687 excepto
783 2653 816 2687 ψ
866 2641 909 2675 14
935 2639 1093 2683 mechari
1118 2639 1194 2674 ΒΦ
1219 2637 1351 2673 mecari
1376 2637 1411 2671 Β
1485 2636 1562 2680 (1111]
1591 2635 1620 2668 si
1649 2634 1682 2669 0

150 2702 234 2746 ace]
262 2701 404 2736 duxerit
429 2702 500 2747 ψΦ
550 2701 592 2736 15
620 2699 834 2736 anim—ad.
862 2701 931 2745 est]
960 2710 1028 2735 om.
1053 2698 1127 2733 DC
1149 2697 1276 2732 mulier
1301 2696 1336 2730 B
1386 2696 1429 2730 16
1456 2698 1489 2730 et
1516 2695 1558 2730 17
1584 2693 1677 2737 acci-

151 2762 245 2806 perit
270 2761 342 2806 ψΦ
366 2760 498 2806 accipit
526 2761 560 2796 G
633 2761 712 2805 ipsa
737 2759 801 2795 illa.
819 2760 854 2794 B
906 2759 948 2793 17
975 2759 1036 2803 sit]
1064 2756 1147 2792 add.
1175 2756 1326 2800 innupta
1353 2755 1475 2789 manet
1499 2753 1575 2787 siue
1600 2752 1679 2797 ipsa

151 2819 330 2855 dimiserit
349 2820 464 2854 uirum
485 2819 562 2854 siue
583 2831 604 2854 a
622 2819 700 2854 uiro
723 2817 867 2853 dimissa
887 2817 983 2852 sitB
1034 2816 1077 2850 19
1099 2826 1171 2851 acc.
1192 2826 1246 2849 ux.
1263 2825 1296 2859 ψ
1344 2813 1389 2848 20
1410 2811 1515 2857 quos]
1538 2810 1633 2856 quod
1650 2810 1682 2846 0

151 2878 279 2924 inquid
305 2879 366 2925 qui
392 2881 514 2925 potest
539 2891 573 2924 ψ
656 2878 699 2912 21
727 2877 971 2912 heunucorum
996 2876 1033 2911 Β
1111 2874 1155 2908 22
1182 2874 1405 2909 reteneretur
1433 2871 1465 2906 Φ
1487 2871 1632 2906 tenetur
1654 2880 1681 2914 g
