1884 3254
35 1012 72 1041 10

34 1368 70 1398 15

570 230 777 277 Epistula
802 230 951 264 XXXVI
978 231 1118 266 13—15
1531 236 1614 277 281

97 363 180 403 sint
211 361 283 403 alii
314 361 474 412 diserti,
505 360 742 410 laudentur,
775 362 824 402 ut
860 361 1024 412 uolunt,
1064 362 1107 402 et
1142 360 1298 403 infiatis
1337 361 1482 403 buccis
1521 375 1617 416 spu-

94 432 254 474 mantia
283 431 412 474 uerba
442 430 720 473 trutinentur:
752 430 858 472 mihi
892 431 1052 473 sufficit
1077 432 1138 474 sic
1163 431 1295 486 loqui,
1322 434 1372 474 ut
1396 432 1620 488 intellegar

97 505 140 546 et
156 505 205 545 ut
225 503 274 545 de
301 503 521 557 scripturis
548 502 768 556 disputans
789 502 1092 556 scripturarum
1119 502 1261 545 imiter
1286 503 1618 557 simplicitatem.

159 574 227 616 15.
266 573 355 616 Gar
381 573 515 626 Isaac,
548 573 623 614 uir
646 572 791 614 iustus
817 577 858 614 et
881 574 955 615 deo
980 587 1121 627 caru-s,
1147 587 1236 616 non
1261 573 1341 628 illi,
1368 575 1442 616 cui
1465 575 1618 627 'noluit

96 645 182 695 sed,
214 644 289 686 cui
316 644 470 698 noluit,
503 644 700 698 deeeptus
731 657 873 686 errore
903 644 1142 687 benedixit?

154 715 311 758 Differo
337 715 552 770 paulisper
575 717 700 769 typos
729 717 770 757 et
796 728 856 766 ea,
885 728 991 768 quae
1018 728 1042 757 a
1066 716 1295 758 maioribus
1315 717 1470 759 nostris
1497 729 1622 770 super

95 786 294 829 hocloco
321 789 420 828 sunt
449 786 736 840 interpretata,
770 787 998 840 praetereo,
1030 799 1110 828 non
1144 799 1226 840 quo
1259 786 1444 840 opinioni
1477 800 1621 830 eorum

94 869 176 899 non
196 856 479 911 adquiescam,
501 856 575 898 sed
595 869 677 910 quo
698 857 745 898 tu
766 857 846 898 hoc
864 858 1030 898 tantum
1051 857 1232 910 quaeris,
1253 870 1378 911 quare
1396 857 1464 899 uir
1480 858 1620 900 iustus

95 927 254 982 aliquid
284 927 545 983 ignorauerit
576 929 619 969 et
643 929 786 969 contra
812 940 932 969 suam
958 927 1106 984 fecerit
1129 927 1406 970 uoluntatem.
1433 928 1483 969 ad
1511 928 1622 982 quod

96 998 288 1041 districta
322 998 542 1053 responsio
584 1000 650 1040 est
686 998 850 1040 nullum
888 998 1107 1040 hominum
1145 999 1316 1052 excepto
1355 1011 1418 1050 eo,
1458 998 1531 1052 qui
1569 999 1620 1040 ob

93 1071 278 1111 nostram
311 1068 491 1111 salutem
523 1080 689 1110 carnem
716 1069 782 1110 est
806 1067 1003 1123 dignatus
1029 1067 1263 1119 adsumere,
1288 1068 1457 1121 plenam
1482 1067 1618 1110 habu·

22 1140 26 1146 ’
93 1140 180 1182 isse
224 1140 443 1182 scientiam
488 1142 531 1182 et
568 1139 849 1182 certissimam
887 1139 1126 1181 ueritatem.
1160 1138 1339 1192 denique
1377 1138 1536 1181 Paulus
1575 1151 1622 1181 ex

93 1212 211 1266 parte
248 1211 467 1266 cognoscit
498 1213 539 1252 et
575 1223 622 1252 ex
652 1212 770 1264 parte
807 1209 1033 1264 prophetat
1063 1212 1106 1252 et
1141 1221 1251 1252 nunc
1288 1222 1363 1264 per
1399 1211 1622 1265 speculum

92 1281 211 1324 uidet
241 1282 283 1323 in
316 1281 553 1336 aenigmate
585 1284 640 1332 et,
674 1280 905 1323 secundum
945 1281 1058 1335 quod
1094 1283 1261 1335 oportet
1298 1293 1428 1333 orare,
1459 1281 1622 1323 nescire

94 1365 169 1395 nos
202 1352 318 1404 dicit,
351 1352 462 1406 quia,
504 1364 610 1394 cum
642 1351 853 1401 uenerit,
889 1351 1019 1405 quod
1050 1352 1331 1406 perfectum
1364 1354 1454 1402 est,
1486 1354 1618 1403 tunc,

96 1423 225 1478 quod
262 1435 315 1466 ex
352 1425 494 1478 parte
531 1425 621 1474 est,
662 1422 965 1464 destruetur.
999 1422 1201 1465 Samuhel
1231 1424 1435 1478 propheta
1466 1435 1622 1465 connu-

93 1496 280 1538 meratus
304 1495 444 1549 Moysi
469 1495 510 1536 in
536 1494 744 1537 Psalterio
771 1493 824 1536 ad
855 1493 1128 1549 unguendum
1153 1506 1298 1549 regem
1323 1493 1498 1546 missus,
1525 1506 1622 1535 cum

92 1566 320 1608 maximum
347 1566 529 1608 filiorum
554 1566 670 1608 Iesse
695 1565 878 1607 uidisset
901 1564 1070 1616 Heliab,
1103 1564 1181 1607 ait:
1215 1577 1328 1607 ecce
1356 1577 1517 1607 coram
1545 1564 1622 1607 do·
1666 1597 1668 1599 .

212 1694 237 1728 4
262 1693 305 1728 cf.
331 1705 414 1739 pag.
440 1693 522 1733 267,
549 1693 593 1728 12
667 1693 711 1729 cf.
738 1692 829 1728 Gen.
854 1692 912 1734 27,
939 1692 982 1728 27
1048 1692 1091 1727 12
1118 1691 1162 1727 cf.
1187 1691 1207 1726 I
1232 1692 1311 1728 Cor.
1340 1692 1395 1734 13,
1422 1692 1443 1727 9
1508 1691 1550 1727 13
1578 1691 1620 1726 cf.

94 1751 114 1787 I
139 1751 219 1788 Cor.
247 1753 303 1797 13,
332 1753 374 1787 12
474 1752 518 1787 14
545 1752 590 1787 cf.
614 1752 717 1786 Rom,
744 1751 777 1793 8,
803 1751 848 1786 26
954 1751 997 1787 15
1023 1750 1062 1786 *Ι
1088 1750 1166 1786 Cor.
1194 1750 1249 1794 13,
1278 1751 1322 1786 10
1422 1750 1465 1786 16
1493 1750 1537 1786 cf.
1563 1744 1641 1786 Ps.'

97 1811 155 1856 98,
181 1811 202 1847 6
278 1812 321 1847 18
349 1811 389 1846 *Ι
413 1812 503 1857 Reg.
532 1811 586 1855 16,
613 1811 705 1847 6-7

144 1882 160 1916 1
191 1881 335 1917 disserti
359 1882 511 1926 Ω,Βα.ν.
622 1883 659 1916 et
685 1891 752 1916 om.
780 1887 837 1926 rnq
924 1896 927 1897 ⁷
952 1879 1048 1915 fiatis
1073 1891 1098 1925 ς
1186 1880 1208 1915 2
1233 1880 1432 1915 trutinetur
1458 1886 1490 1916 m
1516 1881 1623 1915 truti-

94 1942 183 1976 nent
207 1941 320 1976 ADB
415 1941 562 1976 intellas
589 1942 695 1987 (corr.
721 1940 930 1985 intellegas)
957 1939 997 1974 D
1021 1939 1257 1985 intellegatur
1280 1939 1314 1974 Ω
1397 1940 1419 1974 3
1446 1941 1483 1974 et
1508 1950 1575 1975 om.
1600 1950 1625 1984 g

93 2001 142 2035 ut'
161 1998 204 2035 de
230 2001 311 2046 scr.]
339 2000 508 2035 scruteris
534 1999 573 2035 D
653 2018 659 2025 -
707 1999 909 2045 disputanti
935 2005 992 2044 mq
1123 1998 1259 2044 imiter]
1285 1998 1540 2044 intellegentes
1567 2005 1623 2043 mq

95 2059 229 2105 simpl.]
257 2059 345 2094 add.
370 2061 427 2095 A:
453 2058 496 2094 de
522 2059 630 2101 isaac,
655 2058 712 2094 D:
744 2058 900 2104 explicit.
934 2057 1102 2092 damasus
1133 2057 1178 2092 de
1202 2057 1311 2102 isaac,
1336 2057 1392 2092 B.-
1421 2056 1465 2092 de
1490 2057 1625 2103 hysaac

93 2118 117 2153 4
142 2117 215 2162 cur]
242 2118 284 2153 in
307 2129 375 2164 my.
394 2117 652 2163 praemittitwr
674 2118 717 2152 in
743 2126 794 2154 m:
819 2117 872 2160 V·‚
898 2117 940 2152 in
963 2117 1014 2151 Ω.·
1040 2116 1095 2151 111
1203 2116 1260 2151 uir
1284 2126 1352 2152 om.
1377 2116 1410 2150 Ω
1522 2126 1624 2151 carus

95 2176 162 2212 deo
186 2178 220 2212 Ω
291 2178 313 2212 5
339 2177 403 2212 sed
427 2177 483 2212 illi
502 2176 538 2211 B
609 2176 808 2222 benedixit]
835 2176 926 2211 dixit
949 2176 1132 2219 52a.c.m2;
1160 2175 1245 2210 add.
1272 2174 1364 2210 AD:
1391 2175 1623 2219 hieronimus,

93 2235 150 2270 B:
177 2236 361 2282 responsio
386 2236 553 2271 ieronimi
579 2235 624 2271 ad
649 2246 755 2281 quem
781 2246 889 2281 supra
997 2235 1019 2270 6
1045 2246 1066 2270 a
1091 2245 1159 2270 om.
1188 2240 1220 2271 tn
1319 2235 1339 2269 7
1367 2233 1577 2279 quo]-quod
1601 2245 1626 2279 ς

94 2295 116 2330 8
143 2296 229 2340 quo]
258 2294 353 2341 quod
377 2295 413 2329 B
508 2295 593 2340 hoc]
619 2295 709 2330 illuc
735 2300 791 2340 mq
891 2295 1033 2340 quaeris
1048 2294 1082 2330 Ω
1107 2305 1259 2340 quaeras
1283 2297 1347 2330 cet.
1436 2294 1458 2329 9
1485 2294 1622 2340 contra]

96 2355 195 2389 extra
221 2360 278 2399 rnq
406 2353 452 2389 ad
478 2353 586 2400 quod]
613 2353 684 2402 adq
710 2360 743 2390 m
770 2353 858 2400 adq3
884 2355 944 2399 (=
971 2353 1102 2400 adque)
1130 2364 1150 2399 q
1251 2353 1295 2389 10
1321 2353 1496 2389 destricta
1521 2364 1543 2399 q
1570 2353 1624 2388 di-

95 2413 222 2448 stricta
247 2415 304 2457 (in
327 2424 394 2459 my.
420 2415 484 2448 m2
509 2415 594 2459 apta
619 2415 658 2448 et
681 2413 778 2448 nuda
803 2424 844 2449 ac
869 2413 990 2456 solita)
1016 2415 1052 2449 A
1178 2412 1358 2448 hominem
1385 2412 1463 2448 AD
1583 2423 1623 2448 eo

95 2482 162 2508 om.
188 2473 264 2508 AD
384 2473 444 2519 qui
471 2472 532 2518 ob]
561 2472 656 2518 quod
681 2483 702 2518 q
814 2472 855 2508 11
884 2472 976 2518 ads.]
1000 2472 1148 2508 induere
1174 2472 1251 2507 AD
1354 2472 1398 2507 12
1425 2471 1626 2507 certissima

95 2531 132 2577 (a
156 2542 200 2567 cx
224 2535 298 2576 um)
320 2537 352 2568 tn
427 2543 501 2567 uer.
522 2531 604 2567 den.
622 2532 679 2578 Ρ.]
708 2531 909 2567 doctrinam
934 2532 1071 2567 fluenta
1094 2534 1221 2578 potare
1247 2532 1327 2576 (sic)
1351 2537 1407 2577 ωε]
1459 2531 1503 2566 13
1530 2531 1623 2565 enim

95 2600 198 2636 cogn.
226 2597 283 2636 mq
380 2590 662 2637 prophffle‘cauit
689 2591 787 2635 mqD
882 2591 993 2636 nunc]
1021 2602 1094 2626 non
1121 2597 1178 2636 ωσι
1265 2590 1310 2626 14
1334 2590 1447 2635 uidet]
1475 2589 1559 2624 add.
1588 2592 1624 2623 et

95 2649 197 2694 Bp.e.
249 2650 293 2685 15
319 2650 419 2696 quia]
447 2660 515 2695 que
543 2656 575 2686 m
650 2650 762 2696 quod]
788 2661 857 2695 que
885 2655 918 2687 tn
994 2650 1062 2696 est]
1089 2650 1120 2685 si
1145 2650 1245 2696 (del.)
1272 2651 1327 2684 est
1351 2649 1390 2684 D
1441 2650 1483 2684 16
1511 2647 1621 2693 quod]

96 2718 119 2754 q
145 2714 178 2744 m
276 2707 402 2754 destr.]
431 2708 629 2744 distruetur
654 2709 891 2754 m,Aa.c.m2,·
916 2709 1002 2744 add.
1030 2708 1073 2744 de
1100 2708 1264 2744 samuhel
1290 2714 1346 2753 mq
1457 2717 1622 2741 conume-

25 2753 33 2799 J
96 2768 196 2801 ratus
220 2767 258 2802 B
283 2770 560 2813 connumeratur
583 2768 660 2803 AD
685 2767 1000 2804 connumerabitur
1024 2768 1058 2803 Ω
1197 2768 1240 2802 17
1266 2766 1395 2811 Psalt.]
1421 2765 1623 2801 sacerdotio

97 2825 157 2860 dei
180 2826 214 2860 Ω
238 2826 345 2871 psalt.
370 2827 405 2860 in
434 2825 681 2862 sacerdotibus
708 2825 766 2862 dei
790 2827 826 2862 B
902 2826 944 2861 18
973 2827 1067 2862 eliab
1095 2826 1201 2871 qu,
1228 2836 1295 2862 om.
1322 2825 1398 2860 AD
