1884 3254
233 342 318 384 676
777 337 927 372 Sancti
952 336 1206 381 Hieronymi

233 482 402 523 neque
434 469 519 510 hic
557 480 726 521 neque
757 467 1008 520 parentes
1041 465 1182 514 eius;
1221 464 1312 507 sed
1349 467 1407 506 ut
1442 465 1752 508 manifesta·

233 542 417 583 rentur
444 551 600 592 opera
626 538 710 579 dei
735 537 784 578 in
811 537 942 591 ipso.
971 538 1150 590 quantos
1177 536 1287 578 enim
1313 536 1521 578 cernimus
1547 536 1750 588 ethnicos,

231 610 424 660 Iudaeos,
462 608 667 667 hereticos
700 610 742 649 et
773 606 1037 648 diuersorum
1069 605 1314 661 dogmatum
1345 605 1536 648 homines
1566 606 1753 649 uolutari

231 682 272 722 in
312 692 437 722 caeno
474 678 711 728 libidinum,
754 677 922 719 madere
960 677 1177 732 sanguine,
1213 676 1382 719 feritate
1417 677 1557 732 lupos,
1594 677 1752 732 rapinis

232 751 385 793 miluos
429 749 596 792 uincere
639 750 682 791 et
723 747 996 791 nihilominus
1038 747 1255 803 flagellum
1298 760 1377 790 non
1422 747 1752 804 adpropinquare
1793 759 1812 789 5

231 820 500 863 tabernaculo
532 832 674 862 eorum
706 831 781 861 nec
813 831 885 862 eos
911 831 1007 861 cum
1032 818 1272 861 hominibus
1296 818 1507 861 uerberari
1532 821 1574 861 et
1597 818 1753 862 idcirco

233 890 448 946 superbire
480 892 624 932 contra
655 889 779 932 deum
812 891 855 931 et
884 889 1059 931 transire
1090 901 1223 943 usque
1254 889 1307 931 ad
1332 889 1495 931 caelum
1521 901 1568 931 os
1594 902 1753 940 eorum,

234 975 330 1005 cum
357 974 378 1003 e
405 961 609 1004 contrario
630 962 798 1003 sanctos
816 960 932 1002 uiros
954 959 1137 1008 sciamus
1158 960 1530 1015 aegrotationibus,
1556 959 1761 1021 miseriis,-

234 1034 422 1087 egestate
446 1031 643 1085 torqueri,
676 1031 748 1085 qui
773 1030 947 1073 forsitan
975 1029 1138 1073 dicunt:
1172 1043 1297 1086 ergo
1329 1030 1535 1073 frustra
1561 1029 1754 1077 sancti·

233 1102 403 1145 ficaui
430 1102 654 1143 animam
679 1114 842 1143 meam
869 1101 1050 1143 etlaui
1069 1101 1752 1144 interinnocentesmanus
1777 1112 1814 1142 10
1848 1147 1850 1149 ¹

233 1185 374 1215 meas
407 1173 635 1226 statimque
662 1185 707 1214 se
731 1165 1082 1226 reprehendentes
1108 1171 1244 1214 aiunt:
1277 1171 1322 1214 si
1347 1184 1538 1214 narrau
1551 1184 1634 1214 ero
1662 1172 1754 1223 sic,

235 1256 355 1286 ecce
395 1243 800 1298 generationem
837 1242 1081 1285 filiorum
1121 1245 1334 1285 tuorum
1370 1242 1676 1298 reprobaui.
1716 1243 1754 1286 si

234 1315 450 1357 caecitatis
482 1326 659 1357 causam
683 1315 808 1369 putas
841 1325 933 1356 esse
964 1316 1185 1368 peccatum
1218 1316 1260 1355 et
1290 1313 1334 1355 id
1365 1313 1432 1356 dei
1461 1313 1611 1356 inferre
1635 1313 1755 1363 iram,

234 1385 345 1439 quod
376 1385 531 1427 vcrebro
575 1384 728 1427 medici
770 1384 1064 1435 remediantur,
1114 1383 1378 1427 insimulabis
1419 1384 1552 1436 Isaac,
1597 1384 1670 1439 qui
1712 1384 1753 1426 in

232 1458 398 1498 tantum
428 1456 538 1498 lucis
568 1456 695 1499 istius
727 1468 871 1511 expers
902 1455 998 1507 fuit,
1025 1458 1073 1497 ut
1103 1456 1243 1507 etiam,
1275 1456 1344 1498 cui
1376 1456 1521 1506 nollet,
1553 1455 1756 1509 deceptus
1781 1467 1817 1496 1⁵

234 1539 369 1570 errore
403 1526 681 1577 benediceret,
717 1526 871 1568 referes
909 1526 1063 1568 crimen
1094 1527 1136 1568 in
1167 1526 1307 1575 Iacob,
1347 1526 1468 1569 cuius
1501 1525 1759 1582 caligauerat

234 1598 345 1640 acies
384 1600 438 1648 et,
477 1610 574 1640 cum
609 1597 880 1639 interioribus
920 1598 1054 1640 oculis
1093 1600 1135 1639 et
1172 1597 1322 1652 spiritu
1360 1597 1599 1654 prophetali·
1631 1597 1756 1652 longe

232 1670 331 1722 post
371 1668 515 1709 futura
550 1668 819 1722 ,prospiceret
853 1670 905 1710 et
942 1667 1157 1711 Christum
1197 1671 1363 1711 caneret
1399 1668 1450 1711 de
1492 1668 1607 1712 tribu
1642 1668 1757 1724 regia

235 1751 327 1781 esse
364 1741 604 1789 uenturum,
642 1738 812 1780 Effraim
851 1741 893 1781 et
922 1739 1117 1781 Manasse
1154 1739 1298 1781 uidere
1329 1753 1411 1782 non
1441 1741 1618 1794 poterat.
1654 1738 1757 1794 quid

233 1809 341 1851 inter
375 1821 497 1864 reges
529 1809 641 1852 Iosia
679 1809 896 1851 sanctius?
932 1810 1143 1864 Aegyptio
1181 1822 1378 1852 mucrone
1416 1810 1638 1852 confossus
1676 1811 1754 1852 est.
1778 1819 1816 1850 ao

236 1879 335 1932 quid
367 1879 492 1922 Petro
524 1879 740 1933 Pauloque
782 1880 1040 1922 sublimius?
1077 1880 1359 1923 Neronianum
1391 1880 1581 1936 gladium
1612 1893 1756 1924 cruen-

354 1960 398 1995 1*
422 1961 500 1996 Ioh.
526 1962 558 2003 9,
586 1962 606 1996 3
679 1962 700 1996 5
728 1961 772 1997 cf.
797 1962 854 1997 Ps.
883 1962 940 2007 90,
968 1962 1011 1997 10
1091 1962 1112 1997 7
1138 1962 1181 1997 cf.
1209 1962 1266 1999 Ps.
1294 1963 1350 2006 72,
1376 1962 1399 1997 9
1471 1962 1493 1997 9
1520 1962 1602 1997 *Ps.
1627 1962 1685 2007 72,
1712 1962 1756 1998 13

238 2020 276 2054 11
305 2019 383 2054 *Ps.
410 2020 467 2064 72,
495 2020 538 2054 15
666 2020 710 2054 14
735 2019 780 2055 cf.
808 2019 895 2055 Gen.
923 2031 951 2055 c.
978 2019 1022 2055 27
1153 2020 1195 2056 16
1222 2020 1266 2058 cf.
1295 2019 1382 2055 Gen.
1408 2021 1466 2062 48,
1496 2020 1539 2056 10
1565 2023 1603 2056 et
1625 2021 1684 2066 49,
1712 2021 1756 2057 10

235 2079 280 2113 20
306 2077 351 2113 cf.
378 2078 427 2113 1v
451 2079 539 2124 Reg.
566 2079 622 2124 23,
649 2079 695 2114 29

285 2150 301 2183 1
328 2149 387 2184 hic
411 2149 576 2195 peccauit
601 2148 734 2185 QJOB
830 2150 895 2185 alt.
920 2160 987 2185 nee
1004 2161 1029 2195 ς
1118 2150 1365 2196 manifestar(r
1389 2162 1456 2186 om.
1481 2149 1607 2197 J)etur
1629 2151 1757 2188 JZaae.

235 2208 509 2243 manifestarent
533 2210 587 2252 (ut
610 2220 637 2244 s.
659 2209 683 2244 l.
710 2209 813 2255 add.)
831 2210 871 2245 D
894 2208 1171 2244 manifestentur
1189 2208 1261 2245 §113
1315 2211 1337 2244 2
1362 2210 1428 2245 illo
1449 2210 1585 2246 ZDGB
1657 2210 1756 2257 etha.

236 2268 282 2309 Σ,·
308 2267 394 2302 add.
419 2268 529 2312 atque
554 2267 716 2302 ZsJDG
767 2269 788 2302 3
815 2269 866 2313 et]
894 2271 1002 2314 atque
1026 2267 1102 2303 Do
1170 2268 1317 2303 uolitari
1342 2268 1382 2303 D
1440 2269 1463 2304 4
1487 2268 1701 2314 sanguinem
1728 2267 1762 2305 G

237 2326 435 2370 rapacitate
462 2325 496 2361 Ἡ
545 2327 566 2361 5
591 2326 736 2372 flagello
760 2327 898 2369 J‚2a.c.
947 2328 969 2363 6
993 2327 1237 2363 tabernaculis
1260 2339 1286 2373 ς
1333 2329 1355 2363 8
1381 2330 1526 2364 sanctos
1552 2339 1571 2364 e
1597 2330 1708 2364 contr.
1732 2339 1759 2374 ς

237 2385 383 2420 miseros
400 2385 476 2429 JZ';
501 2386 589 2421 add.
616 2388 653 2420 et
670 2386 745 2421 DC
819 2387 862 2422 10
888 2398 943 2422 an.
970 2387 1102 2432 meam]
1128 2398 1188 2422 cor
1210 2398 1328 2422 meum
1350 2386 1385 2424 21
1459 2389 1500 2423 11
1528 2389 1566 2424 et
1590 2388 1715 2424 statim
1732 2398 1758 2433 g

237 2454 274 2478 se
299 2454 366 2479 om.
392 2443 468 2479 DC
571 2445 713 2480 narraui
736 2445 874 2487 .Ῑ,Σα.ο.
973 2446 1017 2481 12
1041 2446 1226 2482 nationem
1252 2446 1355 2482 ΣΒΟ
1450 2447 1493 2482 13
1519 2456 1628 2482 causa
1650 2446 1758 2483 KJD

238 2505 276 2537 et
298 2502 336 2537 id
362 2502 420 2538 dei
444 2513 471 2539 ε.
499 2503 522 2539 1.
549 2504 587 2543 Σ,
614 2514 681 2541 om.
706 2504 738 2538 J
760 2507 797 2539 et
822 2504 866 2539 ob
892 2504 930 2540 id
956 2504 1014 2540 dei
1038 2505 1076 2540 Β
1152 2506 1277 2541 inferri
1301 2506 1338 2540 Β
1412 2506 1456 2541 14
1481 2517 1551 2552 quo
1573 2505 1607 2541 J
1681 2516 1757 2545 me·

237 2560 307 2596 dici
333 2559 455 2596 crebro
475 2562 506 2596 Σ
574 2562 711 2598 medice
737 2562 807 2598 216
875 2563 950 2599 isac
969 2562 1004 2600 ⁵21
1055 2564 1098 2599 15
1119 2575 1160 2600 ex
1179 2564 1275 2610 (pers
1291 2576 1320 2600 ⁸.
1341 2565 1380 2608 l.)
1400 2565 1431 2600 Σ
1448 2576 1555 2611 expet
1572 2567 1604 2609 (s
1622 2575 1651 2600 s.
1672 2565 1712 2610 l.)
1729 2563 1763 2600 J

238 2631 384 2666 expraes
412 2620 442 2654 C
546 2621 654 2656 nollit
678 2621 717 2656 K
826 2634 891 2658 err.
918 2622 994 2659 dec.
1023 2622 1054 2658 G
1148 2623 1193 2659 16
1218 2623 1350 2660 referes
1375 2624 1428 2670 (es
1452 2625 1494 2659 in
1516 2634 1591 2660 ras.
1621 2625 1696 2668 m2)
1721 2623 1759 2659 B

239 2679 393 2714 referens
418 2678 462 2714 K
483 2679 633 2715 referres
657 2680 688 2715 J
765 2681 807 2716 18
832 2693 952 2727 prosp.
978 2685 1061 2728 post
1083 2681 1157 2726 fut.
1176 2682 1209 2718 J
1228 2685 1313 2728 post
1339 2687 1382 2725 (s.
1408 2683 1448 2728 1.)
1474 2694 1592 2729 prosp.
1618 2683 1686 2718 fut.
1711 2683 1758 2726 Σ;

239 2737 324 2772 αᾱά.
350 2741 585 2782 cognosceret
607 2738 669 2774 JZ'
773 2743 810 2774 et
833 2751 861 2775 s.
889 2741 911 2776 l.
936 2740 969 2776 J
1072 2745 1233 2777 cerneret
1255 2753 1282 2787 g
1380 2741 1493 2788 tribu]
1519 2742 1633 2788 stirpe
1657 2741 1762 2778 ΣΒΟ

242 2797 282 2830 19
315 2796 439 2831 efraim
470 2797 510 2831 D
541 2798 700 2843 ephraim
730 2798 793 2833 JG
821 2799 929 2835 efrem
962 2798 1006 2850 ³21*
1139 2811 1328 2836 mannasse
1358 2800 1402 2836 K
1427 2811 1627 2836 manassem
1653 2799 1758 2836 2103
1818 2844 1820 2850 Ι

240 2854 318 2898 quis
345 2855 375 2889 Σ
397 2855 458 2899 qui
482 2856 515 2890 J
582 2856 626 2892 20
651 2857 747 2902 regis
774 2856 807 2893 21
880 2858 990 2893 iossia
1014 2858 1054 2893 D
1077 2858 1179 2904 iosya
1196 2858 1234 2894 B
1305 2859 1465 2904 aegiptio
1490 2859 1534 2894 K
1554 2859 1702 2905 egyptio
1721 2859 1758 2894 B
1819 2872 1826 2915 3]

240 2914 386 2958 aegypti
411 2913 473 2948 ἆΣ
540 2914 708 2950 confusus
726 2915 834 2953 Ka.c.
860 2916 1072 2953 interfectus
1091 2917 1166 2953 DC
1211 2919 1255 2953 21
1276 2917 1474 2963 Pauloque]
1495 2917 1581 2963 quid
1601 2916 1714 2953 Paulo
1733 2928 1759 2962 ς
1822 2924 1826 2958 ζ
