1884 3254
302 195 358 235 70
844 188 995 224 Sancti
1021 185 1274 231 Hieronymi

995 314 1128 357 XV11.

501 414 575 456 AD
607 411 851 454 MARCUM
880 407 1294 455 PRESBY‘EERUM
1327 404 1619 449 CHALOIDE.

1874 485 1884 523 1

309 487 315 494 ¹
363 508 398 549 1.
426 507 700 549 Decreueram
727 502 895 557 quidem
922 501 1125 544 utendum
1151 499 1256 543 mihi
1280 498 1527 554 psalmistae
1551 510 1656 542 uoce
1681 498 1820 548 dioen-
1872 542 1884 555 ὁ

301 578 376 619 tis:
412 589 522 618 cum
556 574 891 616 consisteret
922 572 1209 614 aduersum
1242 583 1316 613 me
1347 572 1615 625 peccator,
1647 569 1820 619 obmu-
1856 573 1884 625 ,3

301 646 383 688 tui
429 648 480 688 et
516 644 844 686 humiliatus
885 655 995 685 sum
1041 644 1092 684 et
1120 630 1263 684 ¹silui
1302 653 1326 682 a
1361 640 1517 684 bonis
1564 640 1818 690 etiterum:
1858 633 1884 684 s}

301 727 396 770 ego
436 727 560 756 uero
599 715 867 768 tamquam
907 711 1102 754 surdus
1140 723 1238 753 non
1276 709 1558 770 audiebam
1602 711 1654 755 et
1694 711 1820 759 tam·

300 798 451 840 quam
490 787 668 826 mut-us
706 796 804 825 non
842 782 1095 838 aperiens
1129 794 1184 831 os
1218 793 1368 824 suum
1401 780 1584 827 factus
1616 793 1730 827 sum
1760 782 1821 829 αὖ
1876 784 1884 848 3

300 856 449 898 homo
481 867 576 897 non
609 853 849 905 audiens,
882 852 957 895 sed
989 852 1187 906 quoniam
1219 851 1372 895 caritas
1405 851 1545 894 omnia
1574 852 1748 907 superat
1776 853 1821 897 et
1878 850 1884 905 ἓ

298 926 560 982 propositum
592 925 724 967 uincit
755 923 943 974 affectus,
969 935 1051 965 non
1077 924 1165 964 tam
1189 922 1385 965 iniuriam
1411 922 1663 966 facientibus
1689 914 1818 970 reddo
1872 935 1884 999 ᾗ

299 996 450 1046 uicem,
476 1008 599 1050 quam
632 995 711 1036 tibi
741 993 972 1048 respondeo
997 993 1244 1047 postulanti.
1278 993 1390 1046 apud
1415 991 1677 1037 Christianos
1709 991 1820 1041 onim
1841 1000 1884 1054 ιζ

300 1079 380 1110 non
419 1066 490 1121 qui
527 1065 698 1119 patitur,
739 1067 787 1106 ut
824 1064 883 1106 ait
920 1063 1102 1118 quidam,
1141 1063 1215 1106 sed
1253 1064 1325 1118 qui
1363 1063 1465 1106 facit
1503 1062 1817 1116 contumeliam,
1878 1090 1884 1115 ;

301 1136 429 1178 miser
460 1137 537 1177 est.

360 1207 399 1249 2.
430 1205 485 1247 Et
519 1205 654 1259 primo
694 1205 877 1259 quidem,
910 1205 1135 1259 antequam
1166 1204 1218 1246 de
1248 1204 1330 1249 fide
1361 1216 1468 1256 mea,
1501 1217 1627 1258 quam
1659 1204 1821 1265 optime
1880 1204 1884 1257 ξ

300 1275 424 1327 nosti,
449 1277 590 1326 tecum
610 1276 771 1330 loquar,
792 1274 995 1317 aduersus
1020 1274 1254 1318 barbariam
1278 1274 1404 1319 istius
1428 1275 1514 1318 loci
1538 1287 1666 1319 uersu
1693 1287 1822 1331 cogor
1870 1309 1884 1341 ;

272 1398 283 1406 x
300 1346 479 1388 clamare
509 1346 703 1402 uulgato:
1842 1353 1884 1406 ¹⁵.

417 1474 439 1507 4
465 1473 544 1507 *Ps.
569 1473 627 1517 38,
652 1473 745 1508 2-3
813 1473 834 1507 6
860 1473 942 1507 *Pa
969 1473 1027 1514 37,
1055 1473 1192 1508 14—15
1261 1473 1282 1507 8
1309 1472 1353 1507 cf.
1380 1472 1398 1507 1
1423 1471 1502 1509 Cor.
1530 1473 1586 1517 13,
1613 1473 1633 1507 7
1702 1472 1743 1507 11
1773 1471 1821 1508 cf.

298 1531 405 1577 Cypr.
433 1543 485 1577 ep.
513 1533 570 1573 59,
598 1532 641 1567 13
667 1533 715 1578 (p.
742 1532 822 1573 681,
849 1532 871 1566 8
898 1532 1038 1576 Hartel)
1622 1550 1624 1552 ·

441 1627 464 1660 η
512 1631 556 1644 =
582 1614 885 1660 Petropolitanus
909 1615 942 1652 I.
968 1618 1015 1650 13
1043 1614 1184 1660 Quarto
1209 1626 1237 1650 s.
1270 1615 1390 1649 VII—
1404 1614 1518 1650 VIII.

443 1673 477 1708 52[
514 1690 558 1703 =
591 1674 807 1709 Veronensis
831 1674 1026 1719 resmiptus
1050 1674 1138 1711 XV.
1165 1675 1211 1708 13
1237 1685 1266 1710 s.
1297 1674 1412 1710 VIII.

442 1732 485 1766 K
513 1748 556 1761 =
582 1732 829 1777 Spinaliensis
857 1736 908 1768 68
931 1744 960 1768 s.
992 1733 1106 1768 VIII.

443 1790 478 1825 L
510 1806 555 1819 =
584 1791 810 1826 Coloniensis
834 1793 884 1826 35
909 1803 938 1827 s.
962 1792 1037 1831 IX.

449 1849 558 1883 W=
584 1850 785 1885 Parisinus
811 1850 876 1885 lat.
901 1852 1004 1886 1868
1027 1862 1056 1888 s.
1082 1851 1155 1885 IX.

442 1908 481 1942 D
512 1924 556 1937 =
588 1908 794 1943 Vaticanus
819 1910 885 1944 lat.
910 1909 986 1943 355
1002 1911 1044 1951 ÷
1059 1910 1139 1944 356
1161 1920 1188 1944 s.
1214 1909 1374 1944 IX—X.

446 1967 476 2000 (J
588 1967 792 2002 Vaticanus
817 1968 883 2004 lat.
909 1969 1018 2003 5762
1041 1978 1069 2002 s.
1096 1968 1145 2003 X.

440 2024 484 2058 N
510 2050 554 2054 —
583 2025 793 2061 Gasinensis
818 2028 898 2061 295
921 2037 952 2062 s.
976 2027 1028 2062 X.

442 2083 477 2116 B
510 2100 554 2113 =
580 2084 830 2119 Berolinensis
854 2085 919 2120 lat.
945 2087 993 2120 18
1017 2096 1045 2121 s.
1073 2085 1170 2121 XII.
1881 2113 1884 2134 ÷

441 2143 470 2177 S
510 2159 553 2171 Ξ
587 2142 878 2178 Vindobonensis
904 2144 968 2178 lat.
999 2147 1080 2179 746
1103 2155 1132 2180 s.
1158 2142 1279 2179 XIII.
1880 2146 1884 2182 ἔ

348 2236 370 2270 2
396 2235 440 2270 ad
459 2247 614 2271 marcum
634 2237 869 2280 presbiterum
890 2238 1025 2274 calcide
1045 2238 1242 2283 (calcidona
1260 2238 1292 2276 81
1312 2237 1470 2286 calendie}
1488 2239 1523 2275 L
1540 2238 1750 2274 chalchidae
1775 2239 1824 2275 W
1881 2231 1884 2274 ζ

294 2293 583 2329 -calcidoneusem
614 2294 669 2335 N)
693 2295 801 2333 QIKL
810 2295 968 2331 WDON
992 2296 1038 2332 ad
1061 2307 1218 2334 marcum
1243 2297 1482 2343 presbiterum
1507 2297 1569 2343 ηΒ
1592 2296 1640 2333 ad
1664 2308 1821 2334 marcum
1881 2298 1884 2332 f

302 2351 541 2396 presbiterum
573 2364 679 2398 super
709 2354 893 2398 postulata
929 2355 999 2390 fide
1031 2355 1076 2398 δ’,-
1105 2355 1327 2401 Hieronymi
1355 2366 1488 2392 nomen
1523 2355 1691 2391 exhibant
1721 2356 1848 2392 tiouu-
1880 2366 1884 2390 -:

294 2410 344 2445 in
368 2410 505 2446 LDCS
645 2413 666 2446 3
699 2411 842 2457 quidem
872 2424 900 2448 s.
934 2414 956 2448 l.
989 2416 1052 2449 m2
1076 2414 1120 2448 K
1240 2425 1366 2451 uocem
1397 2414 1475 2450 LN
1603 2414 1765 2450 dicente·
1791 2414 1826 2450 0

301 2470 325 2503 4
351 2469 556 2506 consisterit
573 2482 595 2514 η
668 2481 765 2515 pecc.
784 2481 814 2505 a.
834 2482 889 2506 me
909 2471 1048 2508 LDCS
1094 2474 1115 2508 5
1135 2473 1168 2518 a]
1191 2473 1234 2508 de
1250 2473 1295 2508 N
1337 2475 1359 2510 6
1379 2474 1446 2510 alt.
1462 2474 1664 2520 tamquam]
1683 2474 1780 2510 sicut
1796 2486 1820 2520 η

303 2527 323 2561 7
350 2530 389 2562 et
412 2527 529 2563 factus
554 2527 692 2564 LDCS
760 2529 781 2563 8
809 2530 893 2575 quia
916 2541 941 2575 g
1037 2534 1158 2576 sperat
1182 2532 1223 2567 K
1294 2533 1316 2568 9
1342 2533 1463 2570 uincet
1485 2545 1509 2578 η
1606 2531 1755 2568 effeetus
1772 2532 1828 2569 JV

305 2586 348 2620 10
374 2585 483 2631 enim]
510 2589 628 2622 autem
648 2587 687 2622 D
736 2589 776 2623 11
801 2591 842 2622 ut
859 2588 912 2624 ait
937 2589 1080 2634 qnidam
1101 2601 1172 2626 non
1193 2591 1254 2635 qui
1272 2591 1411 2636 patitur
1427 2590 1472 2626 K
1533 2602 1593 2636 pr.
1613 2591 1675 2637 qui
1690 2602 1720 2626 s.
1742 2591 1765 2626 1.
1784 2592 1823 2628 Β

302 2645 344 2677 ut
369 2643 422 2678 ait
447 2644 591 2689 quidam
617 2656 683 2681 om.
709 2645 779 2681 NS
853 2646 1021 2685 iniuriam
1046 2648 1116 2684 NS
1178 2650 1220 2683 12
1246 2650 1354 2685 miser
1379 2651 1450 2695 est]
1476 2651 1533 2686 eet
1561 2649 1614 2685 W
1631 2649 1741 2686 miser
1762 2652 1822 2688 ost

302 2704 344 2735 ut
369 2702 422 2739 ait
446 2702 591 2749 quidam
609 2703 652 2738 N
698 2704 742 2740 14
768 2704 953 2741 aduersum
974 2705 1047 2742 ΚΒ
1115 2706 1315 2745 barbariam
1335 2707 1452 2754 nWD
1474 2708 1677 2745 barbariem
1701 2708 1821 2754 (leobio

302 2761 341 2793 in
367 2759 409 2793 K
430 2761 585 2806 incerta)
612 2766 672 2797 cet.
749 2763 791 2797 15
819 2764 918 2809 uulg.
944 2764 1046 2799 clam.
1071 2767 1194 2810 (corr.)
1218 2779 1240 2812 η
1337 2767 1491 2803 clamore
1509 2767 1545 2803 L
1570 2767 1762 2803 elamorare
1791 2767 1824 2803 C

1872 2393 1884 2604 -A—·.—-›.;.n.-A
