1884 3254
281 253 364 295 174
819 249 972 284 Sancti
998 248 1258 293 Hieronymi

279 380 416 430 steris,
446 379 479 421 si
507 380 684 433 anguste
710 377 923 420 manseris.
949 376 1040 430 qui
1067 375 1180 418 sine
1206 387 1367 417 uxore
1394 378 1490 426 est,
1517 375 1801 419 sollicitus

279 451 363 492 est
388 462 456 500 ea,
483 461 618 502 quae
644 448 846 490 domini
873 449 1012 497 sunt,
1039 445 1302 500 quomodo
1328 446 1546 500 placeat
1577 445 1684 497 deo,
1712 446 1802 501 qui

279 522 453 563 autem
474 532 585 561 oum
606 531 765 561 uxore
786 520 882 569 est,
910 517 1199 559 sollicitus
1221 518 1317 567 est,
1339 529 1469 570 quae
1496 519 1621 559 sunt
1639 517 1801 560 huius

277 590 470 641 mundi,
510 588 771 643 quomodo
811 588 1030 642 placeat
1067 583 1230 629 uxori.
1268 586 1449 630 diuisa
1487 589 1572 630 est
1608 587 1803 630 mulier

279 663 329 702 et
371 660 544 715 uirgo:
580 671 711 713 quae
755 670 852 700 non
893 659 976 700 est
1013 659 1192 711 nupta,
1232 657 1456 712 cogitat,
1501 670 1632 712 quae
1676 659 1802 701 sunt
1843 670 1862 700 5

279 730 490 779 domini,
521 732 579 771 ut
611 729 685 771 sit
716 730 904 772 sancta
936 740 1158 781 corpore
1191 730 1242 771 et
1273 728 1498 782 spiritu3
1526 741 1642 770 nam
1668 741 1802 783 quae

276 803 442 855 nupta
474 802 569 851 est,
603 800 824 855 cogitat,
859 811 990 852 quae
1022 800 1147 841 sunt
1180 799 1372 853 mundi,
1404 799 1668 853 quomodo
1694 799 1803 854 pla-

278 874 395 913 ceat
426 871 558 914 uiro.

336 943 404 984 22.
438 940 624 993 Quantas
661 941 880 984 molestias
918 940 1100 982 habeant
1137 940 1306 994 nuptiae
1344 941 1387 982 et
1418 942 1522 994 quot
1552 939 1802 983 sollieitudi-

276 1012 402 1054 nibus
438 1012 692 1062 uineiantur,
730 1012 772 1053 in
811 1024 859 1054 eo
896 1011 1017 1062 libro,
1057 1024 1182 1065 quem
1221 1011 1426 1054 aduersus
1462 1010 1711 1053 Heluidium
1750 1010 1801 1053 de
1824 1019 1860 1048 10

275 1083 422 1125 beatae
464 1082 622 1125 Mariae
663 1084 866 1136 perpetua
908 1082 1152 1137 uirginitate
1197 1082 1420 1134 edidimus,
1469 1083 1572 1136 puto
1616 1081 1802 1124 breuiter

276 1166 529 1207 expressum.
566 1165 675 1195 nunc
720 1153 866 1195 eadem
908 1152 1108 1207 replicare
1152 1153 1402 1207 perlongum
1446 1154 1512 1195 est
1555 1154 1609 1203 et,
1650 1152 1685 1195 si
1731 1151 1801 1195 cui

274 1225 425 1278 placet,
459 1224 508 1266 de
539 1224 612 1266 illo
644 1225 788 1278 potest
819 1223 985 1266 haurire
1016 1223 1234 1266 fonticulo.
1266 1236 1429 1274 uerum,
1461 1237 1513 1265 ne
1543 1224 1712 1278 penitus
1737 1223 1800 1266 ui-

276 1295 373 1337 dear
397 1294 606 1346 omisisse,
633 1307 742 1337 nune
775 1294 924 1346 dicam,
952 1294 1078 1348 quod,
1105 1307 1200 1336 eum
1229 1295 1447 1348 apostolus
1475 1293 1565 1336 sine
1589 1293 1800 1336 intermis-

276 1365 391 1408 sione
429 1378 545 1407 orare
588 1378 664 1407 nos
706 1365 852 1407 iubeat
888 1367 942 1417 et,
982 1365 1054 1419 qui
1090 1365 1133 1406 in
1177 1365 1371 1419 coniugio
1422 1364 1612 1407 debitum
1655 1364 1799 1417 soluit,
1822 1372 1859 1402 1⁵

275 1448 390 1478 orare
426 1449 508 1478 non
546 1436 695 1490 possit,
728 1437 800 1478 aut
837 1448 1004 1477 oramus
1043 1448 1208 1489 semper
1239 1437 1281 1477 et
1310 1435 1498 1491 uirgines
1530 1447 1693 1486 sumus,
1726 1437 1800 1478 aut

276 1519 391 1549 orare
435 1506 679 1558 desinimus,
724 1509 773 1548 ut
816 1506 1012 1561 coniugio
1059 1506 1307 1549 seruiamus.
1352 1508 1405 1548 et
1447 1506 1492 1548 si
1535 1506 1798 1560 nupserit,

274 1577 426 1631 inquit,
458 1578 628 1632 uirgo,
660 1590 757 1620 non
789 1579 998 1631 peccat3
1033 1576 1450 1626 tribulationem
1487 1578 1662 1618 tamen
1694 1589 1797 1619 car·

219 1661 224 1668 ·
274 1647 356 1689 nis
387 1648 662 1690 habebunt
692 1647 1012 1690 huiusmodi.
1046 1649 1089 1690 et
1118 1647 1161 1689 in
1193 1647 1399 1702 principio
1424 1647 1558 1689 libelli
1582 1647 1797 1702 praefatus

275 1731 368 1760 sum
405 1731 473 1760 me
505 1719 555 1760 de
587 1719 794 1773 angustiis
831 1719 1072 1772 nuptiarum
1113 1720 1185 1760 aut
1215 1718 1321 1760 nihil
1359 1718 1524 1760 omnino
1557 1720 1631 1760 aut
1660 1730 1795 1772 pauca
1817 1725 1856 1754 20

275 1788 486 1831 dicturum
526 1791 568 1830 et
603 1802 713 1831 nunc
752 1789 897 1831 eadem
937 1788 1153 1831 admoneo.
1194 1790 1250 1839 at,
1297 1789 1334 1830 si
1370 1788 1450 1830 tibi
1491 1788 1631 1843 placet
1674 1788 1794 1839 scire,

274 1862 377 1914 quot
406 1859 614 1902 molestiis
648 1860 766 1914 uirgo
797 1859 940 1911 libera,
972 1862 1075 1913 quot
1106 1872 1208 1902 uxor
1240 1859 1441 1902 adstricta
1473 1859 1542 1912 sit,
1574 1859 1668 1914 lege
1699 1859 1795 1901 Ter-

393 1985 410 2019 1
437 1985 475 2019 *Ι
500 1984 579 2020 Cor.
607 1986 639 2028 7,
665 1985 806 2020 32—34
881 1985 924 2020 13
951 1985 993 2020 cf,
1022 1985 1146 2021 Horat.
1176 1987 1241 2020 sat.
1270 1985 1286 2019 I
1315 1986 1345 2029 l,
1372 1985 1416 2021 56
1499 1985 1544 2020 14
1570 1985 1616 2021 cf.
1642 1985 1732 2031 Eph.
1758 1986 1793 2030 6,

277 2043 319 2078 18
347 2045 412 2078 etc.
487 2043 530 2078 17
557 2043 595 2078 *Ι
622 2043 700 2079 Cor.
728 2044 760 2087 7,
787 2043 832 2078 28

319 2127 340 2161 2
361 2127 415 2171 ea]
435 2137 463 2162 s.
485 2127 508 2162 l.
527 2128 590 2161 m2
604 2126 635 2166 k,
651 2137 718 2161 om.
733 2127 801 2161 ΣΨ
876 2127 1023 2172 domini]
1044 2137 1111 2162 om.
1126 2127 1148 2162 k
1168 2127 1263 2171 domi
1278 2127 1320 2161 H
1391 2127 1472 2173 deo]
1488 2126 1634 2162 domino
1649 2127 1795 2162 ΣΒΨΒ

272 2186 293 2220 3
320 2186 384 2221 alt.
411 2186 480 2230 est]
509 2196 550 2219 ea
574 2186 610 2220 Β
636 2190 690 2220 est
716 2197 757 2220 ea
782 2187 814 2220 Σ
836 2188 893 2228 (ea
918 2197 945 2221 s.
974 2186 1023 2232 L),
1049 2186 1088 2221 D
1195 2186 1302 2221 huius
1328 2198 1393 2222 om.
1419 2197 1443 2231 g
1522 2187 1546 2221 4
1571 2187 1671 2221 uxori
1696 2189 1734 2221 et
1762 2187 1795 2220 Φ

272 2244 294 2278 5
319 2255 389 2278 non
416 2245 541 2290 (eras.)
568 2247 652 2279 sunt
676 2244 720 2279 H
789 2245 810 2280 6
837 2246 886 2279 sit
911 2256 977 2280 om.
1004 2245 1050 2279 H
1130 2247 1255 2280 saneta
1281 2247 1321 2280 et
1343 2245 1419 2279 ΒΦ
1492 2246 1511 2280 7
1537 2245 1644 2280 huius
1669 2244 1793 2280 mundi

273 2303 377 2338 ZDB
438 2303 459 2337 s
486 2304 553 2337 uiri
579 2303 623 2337 H
685 2305 705 2338 9
732 2303 869 2338 habent
895 2305 927 2339 Σ
947 2305 1082 2349 (coma),
1101 2304 1164 2339 m·
1239 2303 1334 2350 quod
1350 2304 1469 2339 ΚΗΦ
1536 2303 1580 2340 10
1605 2305 1642 2340 in
1667 2315 1736 2339 om.
1761 2304 1792 2338 Φ
1864 2292 1884 2356 ,ᾗ

272 2362 459 2397 aduersum
486 2362 508 2396 k
579 2362 674 2396 helu.
700 2362 784 2397 KP
807 2363 890 2399 eliu.
922 2364 953 2397 Φ
979 2363 1047 2398 elu.
1074 2367 1137 2398 cet.
1196 2364 1236 2398 11
1266 2363 1488 2408 perbreuiter
1516 2364 1547 2397 Φ
1597 2364 1640 2398 12
1667 2362 1789 2398 eadem

269 2431 314 2456 ex
339 2431 381 2455 ea
405 2423 467 2455 m2
491 2421 526 2454 B
623 2422 692 2466 est]
721 2423 816 2455 esset
839 2433 863 2465 g
937 2422 979 2456 13
1006 2424 1043 2456 et
1067 2421 1110 2456 de
1137 2422 1168 2456 Σ
1261 2424 1382 2467 potest
1407 2432 1474 2457 om.
1500 2421 1546 2456 H
1615 2422 1658 2456 14
1682 2422 1789 2466 nunc]

270 2478 338 2513 hoo
362 2478 406 2512 H
477 2479 519 2513 15
544 2478 622 2523 nos]
649 2490 719 2513 non
745 2481 866 2522 (eras.)
894 2479 938 2514 H
1013 2479 1115 2514 iubet
1139 2480 1183 2514 H
1257 2480 1294 2514 in
1321 2491 1388 2515 om.
1415 2480 1447 2514 Σ
1521 2479 1724 2525 coniugium
1751 2479 1795 2513 H

271 2537 436 2572 conuiuio
467 2538 499 2571 Φ
620 2537 662 2571 17
697 2537 897 2572 desinemus
924 2538 1032 2572 KZ'D
1064 2538 1269 2572 desinamus
1293 2539 1464 2574 Ba.c.m2
1606 2538 1660 2583 ut]
1694 2540 1732 2572 et
1755 2537 1790 2572 Β

273 2595 316 2630 18
342 2596 439 2630 carni
470 2595 571 2640 Ppae.
641 2596 684 2630 19
710 2595 815 2630 huius
842 2597 882 2640 (s.
911 2597 934 2631 l.
961 2596 1099 2640 mundi)
1132 2598 1163 2630 Φ
1236 2599 1273 2632 et
1297 2608 1391 2632 eras.
1411 2597 1447 2631 Β
1513 2597 1559 2632 20
1583 2607 1640 2631 me
1666 2607 1734 2632 om.
1755 2596 1790 2630 B

271 2654 336 2688 alt.
364 2655 439 2700 aut]
468 2666 523 2689 me
551 2656 592 2696 (s.
620 2655 642 2690 l.
668 2655 742 2698 m2)
771 2657 834 2689 aut
859 2655 894 2690 B
1039 2655 1080 2690 21
1110 2658 1147 2690 at
1171 2656 1415 2701 Enyelbrechc
1438 2659 1478 2690 ut
1503 2658 1584 2700 (om.
1614 2656 1658 2699 Φ)
1683 2655 1787 2690 codd.

269 2712 315 2747 22
342 2716 431 2757 quot
455 2712 546 2748 ΣΙιΒ
572 2712 667 2758 quod
693 2716 753 2748 cet.
887 2714 936 2748 sit
959 2714 1073 2748 libera
1099 2714 1122 2748 k
1152 2714 1306 2749 liberata
1338 2716 1386 2749 sit
1415 2715 1446 2748 Φ
1589 2716 1678 2759 quot
1701 2713 1790 2748 2¹ch

271 2772 364 2816 quod
391 2776 453 2806 cet.
598 2772 696 2817 legas
722 2772 856 2807 HZDk
993 2773 1178 2807 tertuliani
1209 2774 1241 2807 Φ
1266 2773 1513 2808 tertullianum
1540 2772 1789 2814 2311,Ba.c.m2

269 2831 500 2865 tertulianum
527 2830 567 2865 D
