1884 3254
276 239 333 280 94
816 233 967 269 Sancti
993 231 1243 277 Hieronymi

275 377 501 419 perpessus
534 367 576 406 et
606 364 656 405 ab
690 363 800 405 omni
832 362 987 417 populo
1019 373 1099 422 pro>
1123 361 1268 401 insano
1300 358 1484 408 habitus,
1511 371 1607 400 cum
1633 359 1785 402 iterum

277 434 315 476 ei
346 446 426 476 uox
458 434 597 475 diuina
623 433 813 475 dixisset:
842 432 1021 481 clama,
1050 430 1200 489 sciens,
1228 428 1329 482 quid
1355 429 1559 483 superiori
1583 429 1786 472 facilitate

276 516 321 545 se
352 504 489 557 ipsum
523 503 695 544 offerens
729 501 985 555 pertulisset,
1012 513 1091 542 non
1119 499 1195 541 ait:
1230 510 1352 540 ecce
1379 511 1488 553 ego,
1515 499 1670 541 mitte
1694 511 1785 551 me,
1815 514 1818 517 ’
1856 554 1860 564 .

275 574 349 616 sed
385 573 667 628 interrogauit,
701 572 801 626 quid
837 571 943 612 illud
982 574 1107 618 esset,
1144 569 1256 623 quod
1293 570 1470 612 clamare
1508 570 1695 612 deberet:
1734 571 1787 612 et

277 643 397 694 dixi,
436 643 511 684 ait:
552 642 677 695 quid
716 641 984 683 clamabo?
1017 639 1254 682 cui-simile
1286 642 1353 681 est
1387 639 1496 681 illud
1525 639 1783 683 Hieremiae:
1827 640 1849 682 ὁ

275 713 459 767 accipe
498 712 722 754 calicem
761 712 875 753 uini
911 711 1041 752 meri
1080 710 1241 752 huius
1286 709 1345 751 de
1389 722 1541 751 manu
1582 722 1693 752 mea
1733 711 1787 752 et

274 783 586 836 potionabis
625 795 802 824 omnes
841 785 1045 838 gentes,
1086 781 1145 822 ad
1187 792 1316 834 quas
1349 793 1443 836 ego
1476 782 1526 822 te
1558 780 1784 831 mittam,

275 855 325 895 et
354 853 542 895 bibent
573 854 623 894 et
653 854 869 894 uoment
900 854 951 894 et
981 851 1259 893 insanient
1291 852 1342 892 et
1367 850 1560 892 cadent
1590 863 1614 892 a
1643 850 1784 893 facie

275 923 459 977 gladii,
499 935 646 977 quem
684 923 891 965 mittam
930 923 980 964 in
1020 922 1190 963 medio
1224 934 1415 963 eorum.
1449 921 1561 975 quod
1592 933 1689 963 cum
1714 933 1785 963 au·
1864 974 1867 976 Ι

273 993 406 1037 disset
435 994 650 1048 propheta,
682 1007 760 1036 non
792 994 970 1044 rennuit,
1002 1006 1082 1035 non
1115 992 1346 1034 secundum
1377 992 1614 1046 exemplum
1645 990 1784 1046 Moysi
1807 991 1873 1049 102

274 1064 393 1106 dixit:
433 1076 631 1117 precor,
671 1064 891 1115 domine,
930 1076 1027 1105 non
1067 1076 1176 1104 sum
1222 1063 1418 1117 dignus
1456 1065 1515 1104 et:
1555 1061 1784 1116 prouide

273 1134 450 1184 alium,
478 1147 627 1187 quem
653 1133 855 1184 mittas,
883 1134 956 1175 sed
978 1136 1139 1175 amator
1162 1133 1309 1187 populi
1335 1133 1401 1175 sui
1426 1135 1469 1175 et
1492 1135 1660 1187 putans,
1687 1131 1787 1187 quia

272 1217 318 1245 ex
350 1207 452 1258 potu
484 1205 624 1246 calicis
655 1204 850 1247 inimicae
882 1207 1027 1260 gentes
1058 1204 1390 1246 interficerentur
1415 1206 1457 1246 et
1479 1205 1662 1253 ruerent,
1688 1203 1786 1246 cali-

271 1287 362 1316 cem
392 1275 495 1316 meri
525 1275 701 1316 libenter
725 1275 886 1328 accepit
915 1288 995 1316 non
1021 1275 1272 1329 intellegens
1297 1275 1340 1316 in
1366 1274 1561 1316 omnibus
1587 1273 1785 1329 gentibus
1883 1327 1884 1331 Ἰ

272 1345 397 1386 etiam
428 1345 694 1387 Hierusalem
727 1338 1018 1398 conprehendi.
1052 1346 1229 1399 denique
1254 1344 1363 1387 inter
1388 1348 1547 1387 ceteras
1572 1344 1782 1387 nationes:
1806 1334 1884 1406 11ss

272 1417 322 1456 et
347 1416 547 1469 accepi,
574 1416 646 1466 ait,
673 1416 898 1458 calicem
925 1416 982 1458 de
1009 1429 1161 1458 manu
1188 1415 1390 1458 domini
1417 1417 1468 1470 et
1496 1413 1783 1468 potionaui
1868 1409 1870 1411 ’

274 1497 450 1528 omnes
489 1489 692 1540 gentes,
731 1486 791 1528 ad
830 1499 961 1540 quas
999 1486 1151 1528 misit
1182 1499 1257 1528 me
1291 1486 1552 1536 dominus,
1586 1487 1638 1528 et
1666 1485 1784 1528 Hie-

272 1556 503 1597 rusalem
532 1558 583 1598 et
607 1557 870 1598 ciuitates
891 1557 1022 1599 Iuda
1043 1559 1264 1612 etreges
1287 1557 1402 1599 eius
1429 1558 1481 1598 et
1505 1556 1783 1610 principes

274 1626 388 1668 eius
409 1626 468 1668 ad
488 1627 758 1680 ponendas
780 1628 933 1669 eas'in
955 1628 1351 1670 desolationem
1373 1627 1492 1670 etin
1511 1627 1718 1669 inuium
1737 1628 1786 1669 et
1871 1622 1882 1700 ἰ

272 1696 323 1738 in
357 1697 744 1739 sibilationem.
776 1711 848 1751 pro
883 1711 964 1752 qua
989 1699 1219 1752 prophetia,
1245 1699 1346 1741 licet
1369 1699 1410 1740 in
1436 1698 1647 1752 plerisque
1672 1697 1784 1740 codi-
1805 1700 1870 1738 ω’

273 1766 392 1809 cibus
429 1767 528 1809 ordo
565 1780 788 1821 peruersus
827 1768 895 1820 sit,
929 1769 1029 1822 quid
1061 1769 1187 1811 etiam
1218 1770 1261 1811 in
1299 1769 1381 1811 alio
1418 1770 1512 1813 loco
1551 1769 1677 1819 dicat,
1715 1781 1785 1810 au·
1858 1805 1862 1808 .

274 1836 428 1879 sculta:
452 1837 724 1880 seduxisti
751 1851 838 1889 me,
867 1839 1089 1890 domine,
1118 1842 1169 1881 et
1195 1840 1455 1882 seductus
1484 1853 1615 1891 sum3
1642 1841 1786 1881 tenu·

390 1964 411 1997 2
435 1963 532 1998 Esai.
558 1965 616 2008 40,
642 1965 662 1999 6
711 1965 732 2000 3
758 1965 852 1999 Esai.
880 1965 912 2005 6,
939 1965 960 1999 8
1010 1966 1030 1999 5
1056 1964 1154 1999 Esai.
1179 1965 1237 2009 40,
1263 1966 1284 1999 6
1334 1966 1355 1999 6
1377 1965 1497 2000 *Hier.
1518 1966 1575 2008 32,
1598 1966 1687 2000 1-2
1712 1965 1788 2009 (25,
1871 1925 1884 2008 i

274 2021 425 2065 15-16)
494 2023 534 2057 11
559 2022 644 2057 *Ex.
662 2024 696 2064 4,
718 2023 761 2057 10
835 2023 921 2059 *Ex.
947 2024 980 2069 4,
1009 2024 1052 2058 13
1115 2024 1158 2058 16
1184 2024 1304 2058 *Hier.
1330 2024 1388 2067 32,
1414 2024 1507 2059 3—4
1531 2024 1606 2068 (25,
1633 2023 1787 2067 17-18)
1880 2010 1884 2032 ⁴

271 2079 316 2113 22
344 2080 463 2115 *Hier.
490 2081 546 2125 20,
573 2081 593 2115 7

322 2162 338 2195 1
366 2173 447 2207 pop.
474 2173 536 2196 suo
562 2162 630 2196 ΕΣ
756 2165 831 2208 pro]
857 2175 885 2199 s.
913 2164 935 2198 l.
961 2165 1000 2208 Σ,
1027 2175 1094 2199 om.
1120 2164 1155 2198 L
1274 2164 1434 2209 habitus]
1460 2164 1727 2199 abominabitur
1749 2163 1792 2199 F

273 2219 294 2253 2
322 2220 353 2253 ei
379 2231 470 2254 eras.
496 2221 530 2254 L
603 2221 698 2266 quod
723 2222 827 2256 FZ'D
875 2223 896 2258 3
923 2223 1087 2257 auferens
1119 2223 1171 2257 W
1213 2224 1236 2257 4
1261 2223 1406 2268 planare
1432 2223 1484 2258 W
1550 2222 1735 2258 debuisset
1758 2223 1793 2258 Σ

274 2279 294 2309 5
322 2277 394 2312 dixi
420 2280 472 2313 ait
502 2279 618 2314 WDS
641 2280 729 2315 (lixit
754 2281 825 2315 FB
851 2282 902 2316 ait
926 2281 995 2316 LE
1085 2282 1256 2316 hieremie
1288 2282 1339 2316 W
1358 2282 1396 2316 in
1422 2282 1593 2316 hieremia
1617 2281 1710 2325 (ihe-
1733 2281 1784 2324 Β)

274 2340 335 2371 cet.
386 2337 406 2372 6
433 2337 506 2371 uini
534 2337 589 2378 W,
616 2348 683 2373 om.
709 2343 771 2373 cet.
822 2341 841 2374 7
869 2340 976 2385 omn]
1004 2341 1048 2375 ad
1074 2342 1117 2384 (s.
1145 2342 1167 2376 l.
1193 2343 1268 2386 m2)
1295 2352 1416 2376 omnes
1436 2342 1469 2376 Σ
1535 2341 1677 2376 mittam
1701 2342 1739 2375 te
1757 2340 1792 2375 Σ

272 2394 294 2428 8
322 2396 479 2440 uoment]
504 2396 686 2431 bibentem
712 2402 774 2431 tuo
800 2402 941 2433 mentae
974 2399 1022 2433 W
1138 2402 1175 2434 et
1200 2400 1255 2444 (ut
1280 2399 1322 2443 S)
1349 2400 1479 2435 cadant
1502 2399 1574 2434 DS
1689 2399 1723 2444 a]
1747 2399 1785 2434 in

272 2452 442 2488 Fa.c.m2
571 2454 662 2489 facie
687 2467 766 2490 mea
792 2459 828 2491 et
853 2458 885 2491 Σ
989 2459 1009 2492 9
1035 2469 1154 2492 earum
1179 2458 1435 2503 LD‚Bp.c.m2
1566 2459 1611 2494 10
1629 2470 1689 2504 pr.
1713 2470 1785 2494 non

273 2523 300 2545 s.
328 2511 350 2546 l.
376 2511 411 2546 L
509 2513 548 2547 11
578 2513 666 2548 dicit
690 2515 722 2549 Σ
814 2517 862 2560 et]
888 2527 966 2560 exp.
993 2517 1030 2561 S,
1056 2528 1123 2552 om.
1148 2529 1172 2562 g
1266 2519 1306 2553 13
1334 2519 1388 2563 ex]
1417 2520 1454 2553 et
1477 2518 1554 2553 FD
1648 2517 1786 2553 inimici

273 2573 310 2604 et
334 2569 368 2604 L
441 2582 462 2606 a
487 2572 596 2607 calice
621 2573 654 2607 Σ
723 2574 766 2607 14
792 2576 930 2620 accepit
954 2575 1028 2610 DB
1054 2577 1186 2621 accipit
1216 2577 1266 2611 W
1288 2577 1425 2622 excepit
1451 2582 1512 2613 cet.
1585 2588 1657 2612 non
1675 2587 1744 2612 om.
1760 2589 1786 2622 g

274 2629 318 2663 15
342 2629 474 2665 israhel
491 2630 532 2665 F
546 2630 734 2666 israhelem
753 2632 822 2667 LE
901 2645 1019 2679 conpr.
1041 2634 1135 2679 dem]
1161 2635 1482 2680 conpraehendisse
1502 2635 1542 2670 F
1615 2635 1784 2681 denique]

273 2686 334 2721 sed
361 2687 441 2731 L‚.³:
461 2688 516 2731 (in
540 2700 606 2734 my.
634 2690 671 2724 al
695 2689 848 2735 denique
874 2694 948 2734 m2)
1035 2693 1077 2727 16
1104 2694 1224 2738 accipe
1260 2694 1286 2728 11
1389 2695 1430 2729 17
1458 2705 1562 2729 omne
1593 2693 1644 2728 W
1734 2693 1784 2738 et]

273 2746 316 2779 ad
343 2746 375 2780 Σ
395 2746 430 2780 in
464 2746 514 2781 W
651 2748 762 2794 Hier.]
794 2749 982 2785 israhelem
1008 2751 1043 2786 L
1074 2752 1140 2786 isrr
1170 2754 1226 2796 (in
1257 2764 1323 2798 my.
1350 2754 1388 2788 al
1417 2753 1631 2789 hierusalem
1656 2754 1733 2797 m2)
1757 2753 1793 2788 Σ

274 2804 318 2838 20
343 2815 398 2848 pr.
425 2806 459 2839 in
485 2816 553 2840 om.
579 2806 649 2841 DS
741 2807 916 2853 propheta
941 2810 974 2844 Σ
1041 2810 1082 2843 21
1113 2811 1161 2844 sit
1186 2822 1283 2855 pern.
1308 2823 1332 2856 g
1405 2812 1515 2847 etiam
1546 2812 1602 2857 W,
1628 2823 1695 2848 om.
1722 2815 1785 2847 cet.
1882 2820 1884 2867 1
