1884 3254
642 269 847 316 Epistula
872 270 919 305 LI
945 270 1037 305 ‘2—3
1521 274 1607 314 399

80 400 187 441 hanc
219 411 388 441 causam
423 401 614 441 sanctum
643 398 893 455 Gregorium
927 400 1168 443 sciscitatus
1196 402 1238 443 et
1263 400 1469 443 Zenonem
1494 413 1609 455 pres-

80 470 287 525 byterum,
321 469 393 523 qui
425 460 519 511 curn
553 482 600 511 eo
628 471 704 512 est.
737 483 758 512 e
791 471 943 524 quibus
971 471 1099 513 abbas
1133 470 1363 527 Gregorius
1395 471 1619 526 respondit

82 553 126 583 se
158 541 236 582 hoc
268 541 436 595 penitus
468 541 669 595 ignorare.
703 541 813 583 Zeno
847 544 989 584 autem
1023 542 1139 593 dixit,
1169 543 1279 596 quia,
1308 555 1402 585 cum
1433 543 1470 585 ei
1494 555 1606 597 pres-

81 612 203 667 byter
244 611 421 654 Rufinus
460 612 600 654 nescio
646 626 727 667 qua
767 613 849 655 alia
893 614 1133 656 transitorie
1182 615 1437 668 loqueretur,
1483 615 1608 657 etiam

39 698 56 726 5
79 683 160 725 hoc
181 683 350 725 dixerit:
370 684 563 736 ‘putasne
583 684 747 737 aliquos
775 684 1043 727 ordinaturus
1065 687 1131 727 est
1151 687 1322 728 sanctus
1344 685 1614 740 episcopus?'

14 783 17 785 »
82 755 124 796 et
161 754 384 808 hucusque
430 754 601 796 stetisse
646 767 892 798 sermonem.
931 767 1008 810 ego
1054 758 1194 798 autem
1232 756 1494 812 Epiphanius
1538 769 1614 798 nec

82 824 226 866 audiui
271 824 495 878 quicquam
547 837 623 866 nec
672 825 884 878 respondi.
938 825 1061 878 unde,
1105 825 1394 878 dilectissime,
1440 839 1521 869 non
1571 829 1614 868 te

82 895 327 949 praeueniat
358 894 474 937 furor
504 908 580 937 nec
614 899 793 950 occupet
823 896 1057 952 indignatio
1097 910 1173 939 nec
1210 897 1366 939 frustra
1403 897 1613 939 mouearis

82 967 124 1008 et
150 965 265 1008 aliud
293 966 438 1008 dolens
465 969 507 1008 te
534 969 676 1008 uertas
704 967 756 1009 ad
789 967 871 1009 alia
904 969 946 1009 et
970 967 1181 1021 peccando
1209 968 1471 1010 occasionem
1498 968 1614 1010 inue-

24 1053 59 1081 1o
82 1036 194 1078 nisse
240 1037 435 1079 uidearis.
488 1037 601 1091 quod
649 1037 855 1091 propheta
905 1037 1098 1080 deuitans
1150 1038 1367 1081 dominum
1421 1040 1616 1093 precatur

22 1131 27 1137 ·
83 1107 245 1150 dicens:
291 1121 347 1150 ne
393 1108 615 1150 declines
661 1120 745 1150 cor
791 1121 950 1150 meum
988 1109 1035 1150 in
1082 1109 1234 1151 uerba
1278 1109 1506 1152 malitiae
1558 1110 1616 1152 ad

84 1179 398 1221 excusandas
432 1179 785 1221 excusationes
818 1179 864 1220 in
898 1179 1139 1233 peccatis.

141 1250 181 1291 3.
213 1249 325 1291 Illud
359 1261 526 1303 quoque
558 1250 733 1292 audiens
767 1250 998 1293 admiratus
1033 1263 1142 1301 sum,
1177 1232 1290 1305 quod
1322 1251 1507 1305 quidam,
1541 1252 1614 1306 qui

83 1322 221 1363 solent
238 1321 350 1362 ultro
373 1321 562 1374 citroque
589 1323 755 1375 portare
781 1322 1052 1363 rumusculos
1080 1323 1121 1363 et
1141 1321 1221 1373 his,
1244 1334 1350 1376 quae
1380 1322 1617 1373 audierunt,

23 1410 58 1438 15
83 1404 248 1446 semper
285 1391 449 1442 addere,
489 1394 537 1433 ut
573 1391 786 1444 tristitias,
819 1395 867 1434 ut
898 1392 1007 1433 rixas
1051 1392 1162 1434 inter
1203 1392 1352 1434 fratres
1392 1393 1618 1444 concitent,

81 1465 124 1505 te
146 1475 311 1517 quoque
338 1463 615 1505 turbauerunt
642 1465 684 1505 et
709 1463 902 1505 dixerunt
920 1463 1010 1516 tibi,
1031 1464 1143 1517 quod
1161 1463 1202 1505 in
1225 1464 1425 1515 oratione,
1453 1464 1618 1518 quando

94 1534 305 1576 offerimus
332 1534 536 1576 sacrificia
562 1534 652 1586 de0,
674 1535 886 1577 soleamus
906 1547 980 1589 pro
1001 1537 1043 1577 te
1064 1534 1220 1577 dicere:
1241 1534 1435 1586 ‘domine,
1455 1537 1622 1590 praesta

92 1605 280 1656 Iohanni,
307 1607 356 1647 ut
373 1607 486 1647 recte
513 1605 682 1647 credat².
708 1606 794 1647 noli
819 1618 894 1647 nos
919 1606 961 1647 in
987 1607 1152 1648 tantum
1178 1607 1326 1660 putare
1352 1606 1548 1658 rusticos,
1574 1608 1622 1648 ut

94 1676 196 1717 haec
216 1678 301 1717 tarn
324 1678 464 1730 aperte
485 1676 622 1718 dicere
640 1676 915 1731 potuerimus.
931 1689 1187 1730 quamquam
1208 1677 1316 1718 enim
1337 1677 1417 1719 hoc
1435 1677 1478 1718 in
1499 1677 1621 1718 corde
1663 1692 1666 1696 ⁴

34 1765 70 1794 20
95 1759 188 1789 meo
222 1759 388 1800 semper
421 1760 546 1798 orem,
576 1749 731 1799 tamen,
764 1750 812 1789 ut
849 1747 1098 1801 simpliciter
1134 1747 1280 1799 fatear,
1314 1760 1542 1801 numquam
1580 1748 1621 1789 in

95 1818 252 1860 alienas
279 1831 400 1860 aures
426 1818 596 1872 protuli,
623 1831 674 1860 ne
699 1821 742 1860 te
767 1818 935 1860 uiderer
965 1818 1085 1872 parui
1110 1818 1302 1872 pendere,
1330 1818 1622 1860 dilectissime.

96 1888 260 1943 quando
293 1891 435 1937 autem
463 1889 709 1943 conplemus
743 1889 972 1931 orationem
1006 1888 1238 1931 secundum
1269 1889 1398 1931 ritum
1431 1889 1623 1944 mysteri-

12 1990 31 2009 „
97 1973 228 2006 orum.
275 1962 316 2002 et
358 1973 431 2015 pro
478 1960 670 2002 omnibus
717 1962 757 2001 et
799 1973 872 2014 pro
912 1962 954 2002 te
993 1972 1160 2014 quoque
1206 1959 1406 2002 dicimus:
1441 1959 1623 2002 ‘custodi

215 2122 235 2156 9
263 2121 307 2156 cf.
334 2122 436 2156 Rom.
464 2122 495 2163 7,
521 2121 542 2155 8
619 2122 660 2156 11
690 2120 770 2156 *Ps.
801 2121 879 2162 140,
905 2122 926 2155 4

145 2218 161 2252 1
190 2217 384 2252 sciscitatis
410 2217 638 2260 Aa.c.m2D;
665 2216 752 2251 add.
778 2227 855 2250 sum
881 2227 905 2261 ς
978 2217 999 2250 2
1026 2227 1067 2251 eo
1093 2226 1160 2251 om.
1187 2216 1225 2250 D
1317 2215 1386 2250 abb
1412 2215 1447 2249 A
1473 2213 1567 2249 abba
1585 2214 1624 2249 D

95 2277 201 2321 resp.}
229 2287 270 2310 ex
294 2276 330 2310 Β
403 2277 424 2310 3
452 2286 564 2311 zenon
590 2276 625 2310 B
691 2275 714 2310 4
740 2274 888 2310 ruffinus
913 2286 938 2319 g
1035 2286 1125 2320 quae
1151 2273 1219 2309 RS
1284 2275 1304 2309 5
1332 2273 1558 2309 ordinaturos
1585 2272 1625 2308 D

97 2336 218 2382 episc.]
246 2336 459 2381 epiphanius
483 2347 507 2380 g
603 2338 624 2370 6
652 2335 779 2381 cpyph.
807 2334 876 2370 DS
983 2336 1002 2370 7
1031 2334 1110 2379 dil.]
1136 2333 1187 2369 ihl
1213 2345 1269 2369 me
1294 2334 1466 2369 Aa.c.m2
1585 2335 1622 2367 te

96 2406 163 2430 om.
191 2395 219 2430 Β
290 2395 311 2430 8
338 2395 547 2441 praeueniet
572 2394 648 2430 AD
713 2418 716 2421 »
746 2394 809 2430 alt.
835 2395 915 2439 nec]
943 2405 988 2429 ne
1014 2393 1252 2439 Enyelbrecht
1349 2393 1371 2428 9
1397 2393 1443 2428 ad
1469 2392 1540 2427 alia
1565 2395 1624 2435 (ex

97 2453 208 2498 aliud)
233 2456 270 2489 te
297 2456 416 2489 uertas
443 2453 474 2488 S
592 2455 656 2489 alt.
685 2454 734 2500 et]
762 2456 803 2488 ut
826 2465 851 2498 ς
970 2452 1143 2498 peccandi
1168 2452 1204 2486 Β
1303 2453 1346 2487 10
1374 2451 1454 2487 deu.
1480 2463 1531 2497 pr.
1559 2450 1626 2485 RS

98 2513 138 2548 11
167 2524 237 2547 non
263 2525 287 2557 g
359 2512 520 2548 declinas
544 2513 583 2547 D
645 2513 688 2548 13
715 2512 1024 2558 amm(mS)iratus
1049 2513 1116 2548 BS
1188 2512 1249 2557 qui
1274 2522 1342 2547 om.
1368 2512 1397 2546 S
1458 2511 1503 2545 14
1528 2510 1624 2544 ultra

96 2573 256 2617 citraque
282 2573 449 2617 Bp.c.m2
474 2572 567 2606 ultro
596 2575 747 2617 utroque
772 2572 942 2606 Aa.c.m2
1038 2582 1189 2606 rumoso.
1215 2570 1424 2606 Aa.c.m2D
1522 2568 1622 2614 audi-

98 2631 191 2667 erint
216 2632 251 2665 B
327 2632 369 2667 15
396 2633 520 2677 semp.]
549 2630 635 2668 add.
663 2631 800 2677 aliquid
824 2643 848 2676 g
933 2632 997 2666 alt.
1024 2631 1078 2676 ut]
1108 2633 1145 2666 et
1170 2630 1237 2666 RS
1320 2630 1502 2665 concitent
1527 2628 1622 2673 Spe

98 2694 304 2726 concertent
329 2695 391 2726 cet.
520 2691 564 2726 16
589 2691 818 2726 turbauerint
842 2689 909 2726 RS
1041 2690 1196 2724 dixerint
1221 2688 1289 2724 ΒΞ
1418 2687 1487 2722 tibi
1513 2697 1580 2723 om.
1600 2697 1625 2731 ς

99 2750 140 2784 17
168 2750 337 2785 soliamus
363 2750 572 2786 Aa.c.m2D
646 2750 764 2785 dicere
789 2761 852 2795 pro
879 2752 917 2784 te
943 2749 972 2784 S
1022 2750 1064 2784 19
1091 2748 1192 2792 haec]
1221 2748 1287 2782 hoc
1313 2759 1337 2792 ς
1409 2746 1476 2781 hoc
1501 2756 1567 2781 om.
1589 2745 1624 2779 B

97 2808 142 2843 20
167 2809 260 2854 meo]
286 2820 365 2844 meo
393 2809 437 2844 ob
463 2809 498 2843 B
619 2809 664 2844 22
691 2809 932 2855 compleamus
957 2809 994 2854 (a
1019 2809 1114 2852 exp.)
1140 2807 1175 2841 Β
1307 2806 1432 2850 ritum]
1460 2815 1562 2839 usum
1588 2804 1624 2837 Β

96 2868 193 2904 mist.
223 2869 294 2903 ΑΒ
