1884 3254
647 228 852 274 Epistula
875 227 1024 264 XXXIX
1051 230 1143 264 6-7
1567 234 1652 276 307

129 359 333 411 quantum
371 355 413 397 in
450 357 492 397 te
532 357 610 404 est,
649 354 713 396 tui
758 367 923 408 semper
965 354 1179 397 homicida
1221 368 1280 398 es.
1320 356 1394 398 sed
1431 356 1480 398 ad
1525 357 1654 399 talem

128 429 312 471 clemens
355 426 588 482 ingreditur
624 426 744 468 Iesus
794 427 838 467 et
881 425 1001 468 dicit:
1047 426 1167 480 ‘quid
1215 428 1386 481 ploras?
1435 440 1533 469 non
1571 430 1654 470 est

128 500 336 541 mortua
373 497 571 552 puella,
610 496 703 539 sed
742 496 966 539 dormit'.
999 497 1165 539 rideant
1195 497 1536 541 circumstantes:
1570 499 1655 541 ista
1691 498 1712 532 5

125 568 353 611 infidelitas
386 567 639 611 Iudaeorum
671 569 750 609 est.
785 567 896 621 quin,
929 567 965 609 si
999 568 1051 609 ad
1083 568 1354 622 sepulchrum
1391 567 1503 611 filiae
1535 570 1654 612 uolu-

83 652 101 680 t>
127 640 208 682 eris
257 639 458 690 uolutari‚
509 637 647 693 angeli
695 638 992 691 increpabunt:
1050 637 1167 692 ‘quid
1215 640 1384 693 quaeris
1438 641 1654 682 uiuentem

125 722 221 751 cum
252 709 478 752 mortuis?’
510 708 623 763 quod
655 708 755 763 quia
786 708 920 751 Maria
950 709 1107 751 fecerat
1131 709 1395 765 Magdahne,
1427 714 1653 766 postquam

124 793 272 822 uocem
307 780 464 822 domini
497 792 542 822 se
573 779 796 822 clamantis
834 781 1023 835 agnouit,
1056 780 1108 822 ad
1139 779 1230 823 eius
1261 781 1489 834 prouoluta
1524 781 1654 836 pedes

125 851 309 894 audiuit:
349 864 409 895 ne
452 850 714 906 tetigeris
758 864 851 900 me;
886 851 1112 894 necdum
1151 852 1290 894 enim
1329 852 1550 894 ascendi
1593 853 1653 895 ad

124 923 328 976 patrem
370 935 550 971 meum,
592 921 633 964 id
672 923 754 964 est:
794 925 889 964 ‘non
928 921 1102 964 mereris
1139 923 1313 978 tangere
1351 925 1653 978 resurgentem,

64 1007 100 1035 ιο
125 1006 247 1046 quem
279 995 494 1036 mortuum
527 993 728 1035 aestimas
759 993 802 1035 in
835 993 1085 1048 sepulchro)

186 1064 226 1108 7.
252 1063 368 1116 Quas
400 1075 510 1106 nunc
535 1063 757 1106 Blesillam
790 1066 976 1106 nostram
1009 1063 1207 1106 aestimas
1239 1063 1330 1118 pati
1361 1076 1522 1116 cruces,
1549 1077 1654 1118 quae

123 1134 231 1177 ferre
260 1137 481 1186 tormenta,
514 1134 626 1188 quod
657 1134 737 1177 tibi
770 1133 988 1176 Christum
1019 1134 1166 1177 uideat
1202 1134 1466 1177 subiratum?
1499 1135 1656 1178 clamat

123 1217 232 1249 nunc
264 1205 340 1248 illa
370 1205 554 1260 lugenti:
588 1199 639 1247 ‘si
671 1218 872 1259 umquam
904 1218 975 1247 me
1008 1205 1175 1257 amasti,
1207 1207 1355 1257 mater,
1389 1205 1426 1249 si
1456 1207 1532 1247 tua
1562 1206 1655 1248 suxi

122 1277 264 1327 ubera,
297 1277 335 1319 si
361 1276 448 1318 tuis
473 1276 672 1319 instituta
699 1289 795 1319 sum
826 1276 1014 1328 monitis,
1046 1289 1097 1319 ne
1122 1277 1314 1320 inuideas
1340 1276 1498 1332 gloriae
1521 1290 1653 1328 meae,

66 1360 99 1390 15
123 1360 175 1390 ne
205 1347 286 1390 hoc
320 1360 436 1402 agas,
468 1349 518 1389 ut
549 1360 572 1389 a
603 1347 725 1390 nobis
756 1347 798 1388 in
830 1349 1084 1402 perpetuum
1117 1360 1370 1401 separemur.
1402 1350 1528 1402 putas
1560 1361 1655 1391 esse

121 1431 188 1461 me
220 1419 382 1461 solam?
416 1418 550 1460 habeo
582 1431 657 1472 pro
690 1420 731 1460 te
763 1418 954 1469 Mariam,
987 1420 1165 1460 matrem
1197 1418 1372 1462 domini.
1397 1419 1554 1461 multas
1585 1419 1656 1461 hic

121 1488 260 1539 uideo,
293 1502 400 1543 quas
440 1490 534 1531 ante
573 1489 827 1531 nesciebam.
866 1501 890 1531 o
929 1491 1087 1543 quanto
1122 1489 1271 1532 melior
1306 1489 1390 1532 iste
1426 1490 1655 1532 comitatus
1692 1491 1714 1525 2

122 1561 204 1602 est!
231 1559 367 1603 habeo
394 1561 554 1602 Annam
582 1560 795 1614 quondam
819 1560 863 1602 in
891 1560 1114 1615 euangelio
1140 1561 1464 1615 prophetantem
1490 1562 1545 1612 et,
1572 1573 1654 1614 quo

119 1631 258 1686 magis
284 1631 484 1686 gaudeas,
510 1634 726 1674 tantorum
751 1644 952 1673 annorum
978 1632 1166 1674 laborem
1198 1644 1276 1686 ego
1308 1631 1351 1674 in
1376 1631 1513 1673 tribus
1540 1644 1653 1673 men-

61 1715 98 1744 20
122 1702 238 1744 sibus
291 1705 517 1744 consecuta
566 1715 674 1745 sum.
723 1715 852 1744 unam
900 1704 1085 1756 palmam
1137 1702 1349 1745 castitatis
1400 1702 1654 1756 accepimus-

122 1773 334 1815 misereris
375 1774 471 1822 mei,
510 1774 608 1827 quia
647 1773 853 1815 mundum
890 1774 1072 1827 reliqui?
1111 1775 1155 1815 at
1198 1786 1276 1829 ego
1320 1773 1453 1816 uestri
1498 1775 1656 1816 sortem

124 1843 257 1895 doleo,
286 1857 390 1898 quas
426 1844 562 1886 adhuc
596 1844 757 1887 saeculi
790 1857 929 1887 carcer
958 1844 1153 1896 includit,
1180 1857 1285 1898 quas
1320 1844 1473 1887 cotidie
1498 1843 1540 1886 in
1567 1843 1656 1886 acie

241 1971 262 2005 2
289 1970 373 2006 Luc.
396 1971 435 2015 «8,
462 1971 519 2006 52.
546 1971 587 2006 cf.
614 1971 724 2006 Marc.
751 1972 785 2014 5,
811 1972 857 2006 39
884 1974 953 2007 etc.
1029 1972 1050 2006 5
1070 1971 1153 2006 Luc.
1180 1971 1237 2015 24,
1259 1972 1280 2006 5
1356 1971 1377 2006 8
1399 1971 1500 2007 *10h.
1524 1971 1583 2015 20,
1611 1972 1652 2007 17

126 2030 168 2066 18
195 2029 237 2064 cf.
265 2030 351 2066 Luc.
379 2031 412 2075 2,
438 2031 580 2066 36—38

174 2113 190 2147 1
217 2114 287 2157 tui]
318 2113 374 2148 cui
400 2113 562 2158 K‚.¹l¹a.e.
661 2113 786 2159 talem]
810 2116 848 2149 te
874 2114 937 2149 ille
962 2114 998 2148 Β
1071 2114 1092 2149 3
1118 2114 1294 2149 irrideant
1311 2114 1352 2148 D
1417 2113 1441 2148 4
1458 2113 1654 2148 infelicitas

123 2172 326 2208 Za.e.m2D
481 2173 566 2218 quin
593 2174 726 2218 scripsi
751 2183 842 2219 quae
868 2173 951 2208 KP
973 2175 1011 2209 te
1038 2184 1179 2219 quoque
1205 2177 1267 2208 cet.
1415 2172 1485 2207 uol.
1511 2173 1561 2208 fil.
1588 2171 1656 2207 ΣΙ)

123 2233 144 2266 5
164 2232 330 2267 uolutare
345 2233 442 2268 Σα.ο.
462 2233 617 2268 uolitare
630 2232 670 2267 D
743 2233 894 2278 angelus
914 2233 1117 2279 increpabit
1137 2233 1226 2276 (-uit
1238 2233 1293 2276 D)
1311 2232 1416 2267 Z'DB
1465 2232 1486 2267 6
1505 2231 1655 2278 magda-

121 2290 204 2326 lena
229 2291 307 2330 Σ,Β
331 2291 411 2336 (ult.
437 2302 458 2325 a
483 2292 523 2326 in
549 2302 623 2326 ras.
649 2293 726 2335 ΜΖ)
800 2291 820 2326 7
846 2302 924 2326 uoc.
953 2291 1045 2326 dom.
1072 2301 1140 2326 om.
1166 2291 1203 2325 Ψ
1284 2291 1306 2326 8
1326 2290 1430 2326 audit
1454 2289 1657 2325 Za.c.m2D

124 2351 217 2385 enim
244 2361 310 2387 om.
339 2350 423 2385 KP
504 2351 526 2385 9
551 2351 667 2396 tang]
694 2351 781 2386 add.
807 2362 864 2386 me
889 2362 917 2386 s.
945 2351 968 2386 l.
994 2352 1058 2386 m2
1081 2351 1118 2386 B
1213 2361 1349 2396 resurg.
1378 2350 1443 2385 ΣΒ
1468 2361 1565 2395 surg.
1592 2353 1654 2384 cet.

127 2409 169 2444 10
195 2410 347 2445 extimas
373 2410 412 2445 D
437 2409 621 2446 existimas
647 2410 679 2445 Σ
787 2411 828 2445 11
856 2410 1039 2446 existimas
1065 2410 1231 2452 (extimas
1257 2410 1308 2454 D)
1334 2409 1424 2445 bles.
1450 2411 1562 2445 nostr.
1588 2408 1659 2443 ΣΒ

124 2468 238 2513 quae}
260 2478 427 2513 quaeque
452 2468 591 2513 Zp.c.D
700 2469 742 2504 12
770 2468 878 2514 quod]
907 2479 977 2514 quo
1004 2468 1089 2504 ΚΨ
1178 2469 1222 2504 13
1246 2468 1406 2514 lugentis
1433 2469 1467 2511 (s
1490 2469 1596 2511 eras.)
1621 2467 1657 2501 B

123 2538 212 2562 uoce
237 2529 278 2571 (ε.
307 2528 330 2563 Ζ.
358 2527 403 2572 Σ)
428 2527 570 2572 lugenti
597 2528 664 2563 ΣΙ)
759 2528 818 2563 ub.
846 2527 924 2563 suxi
951 2528 1020 2563 ΣΙ)
1113 2529 1157 2563 14
1182 2538 1261 2563 sum
1288 2528 1373 2562 inst.
1398 2527 1435 2561 Β
1529 2527 1571 2561 15
1596 2526 1654 2570 ne]

124 2596 189 2621 nee
212 2597 237 2631 g
336 2586 380 2623 16
405 2589 510 2622 matr.
537 2586 630 2621 dom.
657 2598 745 2622 mar.
770 2587 807 2621 Β
905 2587 947 2622 17
974 2589 1083 2622 antea
1108 2586 1175 2622 ΣΒ
1278 2586 1429 2631 quanto]
1455 2596 1560 2630 quam
1589 2583 1657 2618 ΣΙ)

125 2647 181 2680 est
204 2646 275 2681 iste
302 2657 393 2681 com.
421 2646 490 2681 ΣΒ
594 2646 637 2681 18
664 2645 759 2691 quod
783 2646 826 2681 K
929 2647 972 2681 19
998 2646 1140 2681 labores
1164 2658 1188 2691 ς
1284 2646 1330 2680 20
1357 2645 1550 2689 accipimus
1576 2642 1656 2677 KP

124 2705 166 2739 21
196 2706 366 2740 miserere
392 2705 429 2740 B
453 2705 624 2739 miseriris
651 2706 705 2749 (in
729 2716 796 2751 my.
821 2706 985 2750 mereris)
1017 2704 1055 2740 'F
1179 2705 1262 2750 inei]
1289 2704 1378 2739 mihi
1403 2703 1484 2738 K'P
1604 2702 1654 2745 at]

126 2766 162 2799 et
187 2763 270 2798 KP
339 2765 451 2799 uestri
477 2766 573 2799 sorte
598 2764 681 2799 K'l'
705 2766 837 2800 sortem
863 2765 976 2799 uestri
1002 2765 1036 2800 Σ
1077 2764 1124 2799 22
1144 2775 1204 2809 pr.
1231 2775 1319 2809 quas
1343 2763 1475 2807 scripsi
1501 2760 1597 2807 quod
1623 2759 1659 2795 Ψ

127 2835 215 2868 quos
241 2827 306 2859 cet.
406 2823 471 2859 alt.
499 2835 587 2869 quas
614 2823 699 2858 ΚΨ
721 2835 809 2869 quos
835 2827 899 2859 cet.
998 2823 1148 2859 cottidie
1175 2823 1206 2858 Σ

1535 2891 1603 2926 20*
