1884 3254
270 231 325 272 88
815 226 965 261 Sancti
989 224 1241 270 Hieronymi

272 369 381 412 rege.
421 358 464 399 et
498 359 599 398 tunc
636 368 733 397 uere
770 354 960 409 purgatis
997 354 1120 396 labiis
1158 352 1261 395 dixit
1298 352 1347 394 ad
1389 351 1625 395 dominum:
1664 365 1785 396 ecce

274 439 382 482 ego,
415 427 569 469 mitte
607 438 695 475 me,
735 427 777 467 et
813 425 934 466 dixit:
973 436 996 466 o
1041 423 1203 491 miser
1242 435 1350 477 ego,
1389 422 1637 476 quoniam
1674 434 1787 465 con-

274 500 506 551 punctus
541 498 670 538 sum!
704 495 834 537 donec
861 494 983 536 Ozias
1010 493 1134 544 uiuit,
1160 505 1240 535 non
1271 492 1500 547 intellegis,
1524 492 1663 544 Esaia,
1694 505 1787 536 esse
1828 522 1830 524 v

274 570 315 609 te
351 567 566 615 miserum,
598 579 677 607 non
717 564 1008 620 conpungeris,
1046 577 1125 606 non
1162 563 1365 612 moueri83
1403 563 1477 606 sed
1516 563 1679 617 quando
1714 564 1789 606 ille

277 640 464 680 mortuus
497 639 574 686 est,
602 639 702 678 tuuc
728 631 1026 677 animaduertis
1052 634 1252 676 inmunda
1283 634 1436 676 habere
1466 636 1508 676 te
1538 634 1664 684 labia,
1688 637 1811 678 tunc·

275 708 490 761 indignum
523 709 564 748 te
597 718 689 748 esse
721 705 940 760 cognoscis
972 705 1136 747 uisione
1168 705 1248 746 dei.
1281 704 1443 746 utinam
1475 706 1617 747 autem
1643 707 1687 748 et
1710 717 1789 760 ego

275 789 514 831 conpungar
526 779 568 818 et
579 779 675 830 post
689 776 1037 830 conpunctionem
1051 774 1359 828 praedicatione
1374 774 1440 817 dei
1455 774 1608 830 dignus
1621 775 1791 826 efficiar,

277 848 387 902 quia,
408 859 502 889 cum
524 846 604 889 sim
623 847 747 888 homo
769 848 810 888 et
828 846 1028 888 inmunda
1046 845 1160 887 labia
1183 845 1374 896 habeam,
1399 845 1442 887 in
1467 845 1605 888 medio
1625 857 1792 900 quoque

276 918 421 972 populi
452 916 650 958 inmunda
675 916 785 958 labia
810 916 1002 958 habentis
1028 915 1235 957 habitem!
1262 915 1424 966 Esaias,
1450 918 1500 957 ut
1523 916 1678 968 iustus,
1703 918 1792 958 tan·

277 993 367 1030 tum
400 988 440 1028 in
474 999 662 1029 sermone
693 988 958 1040 peccaue1·at;
984 986 1079 1028 ideo
1111 986 1201 1028 sola
1230 986 1343 1028 labia
1368 986 1550 1029 habebat
1572 985 1790 1037 inmunda:
1815 997 1854 1029 ιο

281 1070 358 1112 ego
398 1070 510 1107 uero,
551 1057 622 1110 qui
660 1060 702 1099 et
740 1057 873 1099 oculis
910 1056 1036 1099 uideo
1076 1057 1128 1098 ad
1166 1057 1546 1111 concupiscendum
1584 1060 1627 1100 et
1667 1070 1794 1100 manu

280 1128 537 1170 scandalizor
575 1129 617 1168 et
653 1127 758 1180 pede
797 1131 839 1169 et
877 1127 988 1168 omni
1026 1127 1310 1169 membrorum
1347 1130 1464 1181 parte
1497 1127 1706 1182 delinquo,
1734 1127 1795 1171 in-

279 1197 434 1239 munda
464 1198 595 1239 habeo
629 1197 767 1239 omnia
799 1199 854 1247 et,
889 1197 986 1251 quia
1013 1197 1144 1239 semel
1169 1197 1320 1251 spiritu
1345 1197 1584 1250 baptizatus
1610 1196 1797 1240 tunicam

281 1268 424 1322 pollui,
458 1267 632 1310 secundi
669 1268 938 1322 baptismatis
975 1267 1241 1322 purgatione,
1272 1267 1317 1309 id
1354 1270 1421 1309 est
1457 1267 1583 1322 ignis,
1613 1267 1796 1322 indigeo.

341 1339 405 1379 12.
437 1337 529 1380 Non
563 1339 674 1388 sunt,
701 1340 750 1380 ut
782 1338 955 1391 quidam'
983 1340 1146 1392 putant,
1171 1338 1213 1379 in
1239 1338 1459 1392 scripturis
1484 1338 1613 1380 uerba
1636 1337 1796 1392 simpli·
1822 1349 1858 1379 15

282 1409 362 1457 cia;
407 1408 636 1463 plurimum
680 1408 722 1450 in
765 1408 832 1450 his
877 1408 1173 1451 absconditum
1218 1411 1295 1451 est.
1335 1408 1450 1450 aliud
1492 1408 1644 1459 littera,
1679 1407 1799 1457 aliud

281 1480 487 1533 mysticus
521 1491 657 1521 sermo
690 1479 914 1533 significat.
941 1491 1036 1521 ecce
1064 1479 1258 1521 dominus
1290 1479 1331 1521 in
1364 1470 1583 1534 euangelio
1615 1478 1801 1533 cingitur

280 1550 428 1600 linteo,
454 1550 620 1603 peluem
648 1550 699 1592 ad
723 1549 925 1592 lauandos
950 1550 1078 1604 pedes
1105 1549 1407 1604 discipulorum
1433 1551 1665 1604 praeparat,
1690 1549 1803 1592 serui

282 1620 473 1674 fungitur
514 1620 766 1671 ministeri03
813 1623 917 1671 esto,
962 1621 1110 1663 doceat
1152 1621 1452 1672 humilitatem,
1491 1623 1540 1663 ut
1581 1621 1702 1663 nobis
1738 1620 1800 1662 in-

405 1784 420 1816 1
450 1782 543 1819 Esai.
570 1784 602 1827 6,
629 1783 650 1817 8
748 1783 768 1817 2
797 1783 914 1818 *Esai
942 1784 974 1824 6,
1002 1784 1022 1818 5
1122 1784 1142 1818 5
1170 1783 1214 1820 cf.
1240 1783 1357 1819 *Esai.
1385 1785 1419 1827 6,
1445 1785 1466 1819 5
1562 1783 1584 1818 8
1611 1782 1654 1818 cf.
1681 1782 1801 1818 ‘EsaL
1863 1812 1868 1816 .

285 1841 316 1881 6,
343 1842 364 1875 5
440 1842 479 1876 11
509 1841 551 1876 cf.
578 1841 710 1876 Matth.
735 1842 767 1883 5,
794 1841 839 1876 28
938 1843 981 1876 12
1009 1841 1054 1878 cf.
1080 1841 1211 1876 Matth.
1241 1842 1295 1886 18,
1321 1842 1342 1876 8
1369 1844 1437 1877 etc.
1530 1842 1574 1876 13
1601 1843 1646 1877 cf.
1670 1841 1800 1878 Matth.

286 1901 317 1941 3,
348 1901 386 1934 11
465 1901 507 1935 17
535 1900 578 1935 cf.
605 1900 681 1936 Ioh.
710 1901 765 1942 13,
790 1902 884 1936 4-5

335 1983 350 2015 1
380 1992 461 2016 uere
486 1984 658 2027 purgatus
685 1983 731 2026 B,
755 1983 795 2017 F
816 1983 897 2027 (alt.
924 1993 946 2016 u
971 1993 1015 2018 ex
1040 1994 1059 2017 o
1085 1984 1159 2026 m2)
1185 1984 1359 2028 purgatus
1385 1993 1468 2017 uere
1494 1982 1533 2017 D
1654 1982 1726 2017 dixi
1756 1981 1808 2017 W

286 2040 307 2074 3
332 2039 508 2085 intelligis
534 2051 552 2074 o
577 2052 602 2084 g
679 2051 785 2086 esaya
809 2041 846 2075 R
869 2041 970 2086 ysaia
995 2040 1026 2076 S
1048 2041 1162 2076 esaias
1188 2044 1250 2076 cet.
1329 2051 1406 2075 esse
1432 2041 1486 2086 (in
1511 2052 1578 2086 my.
1603 2041 1680 2086 m2)
1703 2043 1742 2075 te
1767 2040 1803 2074 B

285 2102 322 2133 te
347 2098 378 2133 S
398 2100 436 2133 te
462 2109 539 2133 esse
563 2111 586 2143 g
705 2101 726 2134 5
751 2111 823 2134 nou
849 2099 982 2134 munda
1004 2112 1029 2144 ς
1147 2100 1168 2135 6
1195 2111 1297 2145 cogn.
1322 2102 1359 2134 te
1386 2111 1414 2136 e.
1439 2111 1464 2144 g
1595 2102 1632 2134 te
1657 2110 1726 2134 om.
1757 2099 1809 2134 W

287 2158 422 2192 uisione
450 2158 499 2191 W
520 2158 652 2192 uisioni
671 2159 703 2193 Σ
771 2162 891 2194 autem
916 2169 944 2194 s.
967 2159 990 2193 l.
1012 2159 1044 2193 Σ
1087 2159 1106 2193 7
1132 2159 1401 2204 praedicatione
1420 2160 1534 2203 (-nem
1560 2158 1620 2204 W)
1640 2158 1699 2194 dei
1721 2158 1804 2193 WB

290 2216 346 2250 dei
372 2220 433 2251 cet.
460 2216 517 2251 (lei
542 2217 680 2252 uisione
704 2229 728 2261 ς
812 2218 896 2262 quia
921 2228 987 2252 om.
1012 2229 1036 2262 g
1108 2217 1129 2252 8
1155 2217 1261 2252 humo
1286 2217 1526 2262 Enyelbrecht
1596 2219 1635 2252 et
1657 2228 1725 2252 om.
1757 2215 1808 2252 W

289 2285 357 2308 non
384 2274 514 2308 munda
538 2287 562 2319 g
634 2276 669 2310 in
696 2276 816 2311 LZW
838 2279 874 2311 et
899 2277 935 2311 in
961 2281 1023 2312 cet.
1109 2287 1252 2322 quoque
1277 2286 1345 2311 om.
1369 2276 1410 2311 D
1459 2277 1503 2312 10
1528 2286 1727 2311 sermonem
1757 2275 1810 2310 W

290 2333 474 2379 inmunda]
503 2335 588 2370 add.
615 2346 685 2369 non
711 2336 965 2370 conscientiam
991 2336 1028 2370 B
1054 2337 1094 2381 (s.
1121 2336 1173 2380 L),
1198 2347 1223 2380 g
1307 2336 1348 2370 11
1378 2336 1463 2380 quia
1486 2334 1594 2370 FDS
1679 2345 1742 2380 pr.
1767 2336 1805 2370 et
1881 2330 1884 2331 ⁷

290 2403 356 2428 om.
384 2391 413 2426 S
506 2404 611 2427 manu
636 2395 677 2428 in
702 2405 775 2429 ras.
802 2396 862 2429 m2
886 2395 922 2428 B
1008 2395 1051 2429 12
1077 2394 1187 2439 pedes
1219 2394 1267 2429 W
1361 2394 1458 2429 omni
1488 2394 1540 2428 W
1560 2394 1716 2430 omnium
1742 2396 1804 2429 cet.

290 2451 372 2485 hab.
400 2463 432 2486 o.
458 2452 542 2486 inm.
569 2453 671 2487 codd.
692 2457 840 2498 praeter
871 2454 953 2488 WB
1045 2453 1087 2488 13
1115 2456 1152 2488 et
1176 2464 1244 2489 om.
1276 2453 1327 2488 W
1434 2453 1642 2498 baptizatus
1665 2463 1806 2488 rursum

290 2512 439 2553 (rursum
468 2511 552 2545 add.
578 2512 619 2545 in
643 2522 708 2556 my.
736 2515 796 2546 m2
820 2512 869 2556 B)
896 2512 954 2556 Bg
977 2512 1184 2557 baptizatur
1209 2512 1247 2547 D
1303 2513 1347 2547 14
1373 2511 1548 2548 secundae
1572 2512 1613 2547 F
1633 2511 1812 2556 (corr.)‚Z
1880 2536 1884 2538 -

292 2568 443 2603 secunde
469 2569 507 2602 D
607 2571 855 2615 purgationem
883 2571 922 2606 F
944 2571 1079 2616 (corr),
1110 2571 1195 2606 WD
1293 2572 1336 2606 15
1362 2573 1403 2606 ut
1426 2582 1456 2606 s.
1481 2571 1503 2606 l.
1537 2570 1589 2605 W
1681 2570 1724 2606 16
1748 2569 1806 2605 his

293 2638 358 2662 om.
385 2627 424 2661 F
531 2629 594 2664 alc.
621 2628 733 2674 aliud]
759 2632 822 2664 aut
846 2630 885 2664 D
982 2630 1025 2664 17
1053 2630 1225 2675 cingitur]
1251 2630 1308 2665 cui
1333 2630 1446 2675 igitur
1469 2629 1509 2664 F
1603 2629 1647 2664 18
1670 2629 1805 2674 peluim

294 2686 534 2731 S,LBp.c.m2
629 2687 714 2724 disc.
741 2688 821 2733 ped.
845 2700 869 2733 g
944 2689 986 2724 19
1011 2689 1223 2734 mynisteria
1244 2689 1284 2724 F
1375 2691 1453 2724 esto
1477 2688 1571 2723 LW
1589 2690 1646 2724 sto
1671 2688 1711 2723 D
1733 2689 1805 2724 isto

294 2745 361 2778 ΕΣ
383 2756 442 2780 cur
466 2746 536 2780 ista
562 2748 655 2789 (esto
682 2747 767 2783 add.
794 2748 834 2781 in
860 2758 933 2782 ras.
953 2750 1015 2782 m2
1033 2748 1081 2791 B)
1101 2748 1169 2783 BS
1245 2749 1339 2793 esto]
1366 2751 1407 2783 ut
1432 2748 1518 2783 add.
1535 2747 1639 2790 codd.
1656 2751 1808 2792 praeter
1882 2744 1884 2758 ³

307 2804 393 2836 1ΙῖΙί
419 2804 519 2848 (add.
544 2807 607 2839 m2
630 2806 669 2839 in
695 2809 776 2850 my.)
873 2807 926 2850 ut!
954 2806 995 2841 in
1020 2817 1093 2842 ras.
1119 2809 1181 2841 m?
1208 2808 1240 2841 B

1880 552 1884 578 Ι

1876 583 1884 663 ἑ
