1884 3254
576 286 783 332 Epistula
808 286 960 321 LXVIII
985 285 1169 321 2—LX1x
1197 287 1213 321 1
1571 292 1655 332 679

137 415 357 471 euangelio
378 415 497 459 audit
515 416 686 459 inuidus
707 417 858 459 salutis
879 417 1056 459 alienae:
1080 416 1260 467 amice,
1289 417 1332 458 si
1359 430 1453 472 ego
1473 417 1498 459 b
1513 430 1570 460 on
1584 431 1609 460 u
1623 432 1656 469 s,

137 496 298 540 quare
336 487 527 529 oculus
560 489 685 530 tuus
718 490 972 540 nequam?
1012 487 1292 530 conclusit
1323 488 1451 530 deus
1485 489 1657 531 omnia

136 557 232 600 sub
259 559 495 612 peccato,
523 559 580 598 ut
606 551 852 600 omnibus
878 559 1214 600 misereatur.
1239 559 1331 600 ubi
1358 559 1658 602 abundauit

135 630 431 683 peccatum,
465 628 936 682 superabundauit
968 629 1160 683 gratia.
1193 641 1314 672 caesa
1346 632 1445 671 sunt
1474 630 1657 685 Aegypti
1693 632 1715 666 2

135 699 414 754 primogenita
445 701 487 740 et
518 711 568 740 ne
598 700 835 741 iumentum
861 699 1031 753 quidem
1057 700 1370 751 Israheliticum
1394 701 1435 742 in
1462 700 1657 756 Aegypto

135 769 379 812 derelictum
426 772 504 812 est.
550 772 591 811 et
634 770 852 824 consurgit
887 770 991 811 mihi
1031 770 1160 813 Caina
1196 770 1356 813 heresis
1394 772 1518 825 atque
1556 771 1658 813 olim

135 842 324 884 emortua
353 840 499 894 uipera
530 841 757 883 contritum
790 842 916 895 caput
946 841 1075 890 leuat,
1115 853 1221 895 quae
1253 854 1334 883 non
1366 854 1412 883 ex
1444 843 1573 896 parte,
1609 843 1658 884 ut

134 913 230 954 aute
279 913 567 962 consueuerat,
618 911 692 954 sed
740 913 880 954 totum
925 911 1081 954 Christi
1125 911 1291 954 subruit
1334 914 1654 955 sacramentum.

133 981 308 1025 dicendo
329 982 438 1024 enim
459 995 552 1024 esse
571 982 727 1036 aliqua,
746 995 851 1036 quae
878 981 1072 1025 Christus
1097 995 1176 1025 non
1202 982 1339 1036 possit
1362 994 1540 1038 purgare
1565 995 1657 1024 san-

135 1053 261 1108 guine
300 1066 392 1104 suo,
431 1055 473 1095 et
508 1054 595 1095 tam
627 1053 856 1106 profundas
889 1052 1093 1096 scelerum
1126 1053 1398 1107 pristinorum
1428 1053 1539 1095 inuri
1570 1065 1657 1095 cor-

133 1123 306 1178 poribus
343 1125 469 1178 atque
507 1123 658 1166 animis
696 1123 927 1173 cicatrices,
966 1125 1015 1165 ut
1051 1123 1258 1165 medicina
1292 1123 1410 1166 illius
1441 1123 1658 1166 adtenuari

132 1207 213 1236 non
246 1197 414 1249 queant,
447 1194 549 1248 quid
581 1193 695 1236 aliud
727 1193 829 1249 agit,
859 1193 942 1236 nisi
971 1195 1021 1236 ut
1052 1192 1246 1236 Christus
1276 1193 1432 1236 frustra
1461 1196 1655 1236 mortuus

134 1266 218 1308 sit‘?
243 1265 400 1307 frustra
423 1267 564 1307 autem
590 1266 784 1307 mortuus
810 1266 888 1316 est,
915 1264 952 1307 si
976 1264 1140 1318 aliquos
1166 1277 1247 1307 non
1267 1267 1409 1319 potest
1427 1264 1654 1307 uiuificare.

133 1336 336 1379 mentitur
359 1337 566 1378 Iohannes
592 1336 789 1390 Baptista
820 1337 863 1377 et
887 1335 1021 1390 digito
1049 1335 1266 1378 Christum
1292 1338 1335 1378 et
1359 1347 1464 1378 uoce
1490 1335 1657 1377 demon·
1693 1339 1715 1374 3

92 1422 103 1429 ·
134 1409 289 1450 straus:
329 1419 451 1449 ecce
484 1419 653 1462 agnus
687 1406 784 1458 dei,
824 1406 913 1460 qui
944 1406 1103 1448 tollit
1132 1408 1359 1460 peccata
1390 1406 1584 1457 mundi,
1619 1406 1656 1448 si

132 1480 232 1522 sunt
268 1478 405 1520 adhuc
441 1478 483 1520 in
522 1477 706 1530 saeculo,
745 1489 922 1531 quorum
955 1476 1151 1519 Christ-us
1182 1479 1355 1532 peccata
1385 1489 1465 1519 non
1496 1476 1659 1519 tulerit.

132 1552 207 1592 aut
243 1550 353 1592 enim
392 1548 637 1593 ostendendi
674 1551 773 1592 suut
809 1560 891 1591 non
929 1561 1022 1591 esse
1060 1548 1110 1590 de
1145 1547 1318 1598 mundo,
1356 1560 1462 1602 quos
1499 1547 1658 1590 Christi

130 1621 296 1677 ignoret
319 1620 598 1675 indulgentia,
625 1621 712 1671 aut,
739 1620 777 1662 si
797 1619 848 1662 de
872 1619 1028 1662 mundo
1050 1621 1160 1669 sunt,
1189 1617 1428 1674 eligendum
1450 1630 1471 1660 e
1493 1618 1657 1661 duobus

132 1692 329 1734 alterum:
361 1691 528 1734 liberati
548 1679 579 1734 a
603 1690 789 1745 peccatis
816 1690 974 1734 Christi
1005 1689 1254 1744 potentiam,
1287 1688 1424 1731 adhuc
1454 1689 1514 1730 rei
1545 1689 1658 1731 inbe-

133 1763 354 1806 cillitatem
399 1763 588 1818 probant.
632 1762 706 1804 sed
751 1762 862 1804 absit
905 1761 955 1804 de
999 1761 1286 1816 omnipotente
1324 1760 1505 1811 credere,
1547 1760 1658 1815 quod
1693 1764 1716 1799 4

131 1835 174 1876 in
201 1834 342 1888 aliquo
369 1834 564 1888 inpotens
592 1832 660 1878 sit.
692 1831 880 1883 omnia,
907 1844 1040 1885 quae
1065 1832 1218 1885 pater
1244 1831 1394 1881 facit,
1421 1832 1471 1873 et
1496 1830 1655 1872 filius

148 2033 150 2035 ,
253 1996 269 2030 1
298 1995 450 2030 matth.
476 1974 533 2038 20,
561 1994 604 2029 15
690 1994 711 2028 2
738 1993 862 2028 *Rom
892 1993 945 2033 11,
971 1993 1017 2027 32
1095 1992 1117 2026 3
1145 1991 1267 2027 *Rom
1294 1993 1327 2036 5,
1354 1992 1399 2027 20
1470 1992 1494 2027 4
1520 1991 1565 2026 ef.
1591 1992 1655 2029 Ex.

133 2055 234 2090 <212
312 2055 355 2089 15
381 2053 476 2090 *10h.
506 2054 536 2098 1,
563 2053 608 2087 29
682 2053 725 2088 21
754 2051 855 2087 *10h.
882 2053 914 2096 5,
943 2052 985 2086 19

182 2172 198 2207 1
225 2171 342 2207 bonus
368 2181 445 2206 sum
469 2181 495 2215 g
626 2170 648 2204 2
673 2179 826 2214 nequam
854 2171 910 2203 est
933 2179 958 2212 g
1095 2168 1116 2203 3
1142 2167 1371 2203 misereretur
1394 2171 1477 2212 (seq.
1502 2169 1579 2213 au.)
1610 2166 1661 2202 W

131 2232 153 2265 4
179 2229 448 2276 superabundet
476 2228 527 2264 W
660 2228 785 2274 egypti
810 2227 896 2263 ZW
916 2227 1031 2272 egipti
1055 2226 1127 2262 LB
1253 2228 1274 2261 5
1301 2226 1446 2272 aegipto
1470 2225 1506 2261 L
1531 2226 1655 2271 egipto

138 2290 189 2325 W
206 2289 334 2336 egiptu
359 2289 396 2323 Β
538 2289 560 2323 6
587 2290 643 2323 est
667 2298 734 2323 om.
766 2286 818 2323 W
979 2287 1174 2332 consurget
1202 2285 1253 2320 W
1392 2285 1494 2320 caina
1518 2284 1657 2320 Σα.σ.1)

133 2349 237 2384 cania
265 2348 370 2384 Ba.c.
408 2347 488 2383 cain
519 2347 554 2382 L
593 2346 716 2382 calana
752 2346 802 2380 W
835 2346 962 2380 canina
992 2344 1123 2389 2131».st
1300 2345 1319 2379 7
1346 2354 1402 2379 me
1432 2346 1575 2378 mortua
1610 2342 1660 2377 W

133 2408 277 2454 uiperae
303 2408 337 2442 Σ
500 2405 614 2452 capud
641 2405 833 2448 Σα.ο.ΒΒ;
860 2403 946 2440 add.
973 2415 1010 2439 se
1035 2405 1067 2439 Σ
1176 2404 1197 2439 9
1224 2398 1375 2438 dicendo
1407 2401 1459 2438 W
1479 2401 1568 2437 dicit
1592 2405 1655 2438 cet.

133 2468 255 2514 aliqua
278 2469 428 2513 peccata
450 2477 475 2511 g
582 2467 706 2511 posset
736 2464 787 2500 W
896 2463 1042 2509 purgari
1074 2462 1123 2497 W
1216 2462 1260 2498 10
1283 2464 1405 2497 tamen
1431 2461 1467 2495 Β
1573 2472 1654 2507 pro-

132 2525 245 2563 funda
274 2525 358 2561 WB
513 2525 627 2560 inurit
651 2524 814 2569 Zp.c.m2
840 2523 1024 2558 inhaerere
1050 2522 1109 2557 uel
1134 2522 1243 2557 inseri
1266 2533 1291 2566 g
1413 2521 1453 2556 11
1483 2522 1578 2557 aten.
1611 2519 1662 2554 W

136 2587 179 2621 12
205 2586 317 2631 queat
341 2585 435 2630 Σμσ.
558 2583 602 2618 13
627 2583 702 2618 uin.
728 2594 799 2618 non
823 2585 899 2628 pot.
923 2593 947 2627 g
1071 2581 1114 2616 16
1139 2580 1279 2616 tollerit
1309 2580 1360 2615 W
1466 2580 1506 2614 17
1533 2582 1596 2624 xps
1622 2578 1656 2612 L

136 2645 180 2684 18
203 2645 349 2690 ignorat
380 2643 608 2688 W,Bp.c.m2
714 2640 977 2686 indulgentiam
1004 2639 1044 2675 D
1152 2642 1236 2674 sunt
1260 2650 1326 2674 om.
1353 2638 1409 2682 D;
1435 2637 1520 2673 add.
1548 2648 1654 2672 unum

133 2705 176 2740 m
198 2714 273 2740 rae.
297 2705 361 2738 7112
385 2703 421 2736 B
530 2700 738 2747 aligendum
769 2699 819 2735 W
913 2699 947 2744 e]
976 2698 1019 2733 de
1044 2698 1080 2733 B
1181 2698 1222 2733 19
1248 2697 1414 2742 alterum]
1441 2696 1545 2732 alteri
1571 2706 1654 2731 uero

134 2766 338 2807 (utrumque
362 2762 402 2798 in
427 2772 501 2797 rae.
526 2762 589 2795 m2
614 2763 647 2795 et
671 2760 713 2794 in
737 2770 803 2804 my.
830 2758 921 2794 add:
945 2758 976 2793 si
1000 2769 1070 2792 non
1097 2758 1172 2800 m2)
1197 2757 1234 2791 B
1347 2756 1509 2802 potentia
1534 2754 1654 2796 ΣΙ)Β,·

135 2822 221 2859 add.
247 2820 404 2868 probant
428 2832 500 2856 nen
523 2819 669 2856 liberati
695 2819 797 2864 qnasi
821 2829 846 2863 g
871 2819 934 2852 ant
957 2827 986 2852 ε.
1013 2817 1036 2852 Ζ.
1064 2816 1095 2851 Σ
1164 2815 1210 2851 20
1236 2815 1365 2861 probat
1390 2814 1424 2849 L
1448 2814 1601 2860 probent
1626 2813 1659 2849 Σ

136 2882 384 2917 demonstrant
407 2891 432 2925 ς
528 2878 625 2914 absit
649 2878 717 2913 hoc
741 2889 765 2922 g
837 2877 879 2911 21
907 2876 976 2911 fac.
1001 2878 1074 2922 pat.
1101 2875 1136 2910 B
