1940 3260
244 265 327 308 708
610 262 645 298 S.
670 261 925 308 Hieronymi
949 259 1160 306 Epistula
1182 260 1279 296 LXX
1303 261 1396 298 5-6

241 392 457 435 historiam
495 391 655 434 domini
691 389 916 432 saluatoris
952 390 1148 432 uersibus
1180 389 1406 445 explicauit
1433 403 1510 433 nec
1540 391 1758 445 pertimuit

239 462 449 518 euangelii
485 460 750 503 maiestatem
789 460 867 502 sub
905 459 1029 502 metri
1060 460 1176 515 leges
1207 460 1386 504 mittere.
1422 460 1474 503 de
1505 461 1655 504 ceteris
1686 461 1758 504 uel

238 532 416 575 mortuis
448 532 518 573 uel
548 517 793 573 uiuentibus
819 532 951 581 taceo,
985 543 1163 583 quorum
1195 542 1242 571 ex
1268 530 1436 586 scriptis
1462 531 1552 573 suis
1578 533 1619 573 et
1643 531 1756 574 uires

236 599 487 645 manifestae
515 604 615 643 sunt
645 603 688 643 et
717 601 929 643 uoluntas.
1167 608 1171 612 ’

298 674 335 715 6.
366 671 455 715 Nec
479 671 623 714 statim
650 683 779 725 praua
804 671 997 725 opinione
1021 670 1194 720 fallaris,
1221 674 1364 714 contra
1389 675 1534 727 gentes
1558 672 1639 715 hoc
1662 685 1757 716 esse
1783 687 1791 712 ·.

236 743 415 794 licitum,
457 743 501 785 in
538 742 634 784 aliis
672 741 1030 795 disputationibus
1068 741 1433 793 dissimulandum,
1478 743 1578 796 quia
1614 755 1757 787 omnes

237 826 365 869 paene
397 813 586 855 omnium
615 812 712 854 libri
738 811 923 866 exceptis
949 812 1030 864 his,
1062 812 1135 866 qui
1161 825 1258 854 cum
1282 812 1461 867 Epicuro
1486 813 1650 856 litteras
1675 827 1756 858 non

236 883 485 935 didicerunt,
511 883 757 926 eruditionis
783 882 1079 936 doctrinaeque
1097 883 1340 939 ¹plenissimi
1364 886 1474 926 sunt.
1504 895 1756 938 quamquam
1816 900 1819 901 ⁷

237 966 314 1010 ego
344 953 452 996 illud
483 953 619 1009 magis
650 966 754 1005 rear,
794 953 907 1007 quod
938 953 1113 995 dictanti
1143 953 1262 995 uenit
1292 953 1334 995 in
1365 956 1564 1002 mentem,
1602 967 1683 996 non
1714 957 1757 997 te

235 1024 438 1080 ignorare,
470 1024 583 1078 quod
613 1036 778 1078 semper
809 1023 944 1066 doctis
975 1023 1079 1066 uiris
1111 1026 1360 1078 usurpatum
1394 1027 1473 1076 est,
1505 1024 1580 1066 sed
1609 1037 1684 1078 per
1712 1027 1755 1067 te

236 1094 340 1136 mihi
376 1095 552 1150 proponi
591 1095 641 1137 ab
680 1095 761 1137 alio
801 1094 1104 1148 quaestionem,
1136 1094 1208 1148 qui
1238 1093 1413 1137 forsitan
1443 1097 1614 1150 propter
1644 1107 1755 1137 amo·

234 1177 320 1207 rem
346 1165 630 1207 Historiarum
656 1164 850 1208 Sallustii
876 1164 1126 1219 Calpurnius
1159 1167 1434 1220 cognomento
1459 1165 1660 1208 Lanarius
1685 1166 1755 1208 sit.

1780 1035 1818 1065 10

236 1235 305 1277 cui
354 1247 509 1290 quaeso
552 1237 602 1278 ut
651 1235 844 1287 suadeas,
892 1248 943 1277 ne
986 1235 1250 1282 uescentium
1294 1235 1489 1278 dentibus
1533 1235 1794 1299 edentulusv

234 1305 423 1348 inuideat
473 1309 516 1348 et
564 1306 710 1348 oculos
759 1318 998 1359 caprearum
1047 1306 1164 1360 talpa
1212 1296 1463 1348 contemnat.
1518 1306 1652 1356 diues,
1706 1308 1756 1349 ut

235 1377 383 1428 cernis,
421 1377 474 1419 ad
511 1376 811 1431 disputandum
848 1376 1036 1428 materia,
1074 1376 1150 1419 sed
1185 1377 1266 1418 iam
1306 1377 1522 1431 epistolari
1559 1375 1755 1432 angustia

234 1447 414 1490 finienda
446 1450 525 1490 est.

357 1574 398 1609 12
425 1573 469 1609 cs.
497 1573 643 1609 Sallust.
668 1573 755 1608 hist.
780 1574 918 1619 fragm.'
934 1573 952 1608 1
977 1573 1022 1608 95
1047 1573 1249 1608 Maurenbr.
1276 1575 1313 1609 et
1330 1573 1476 1609 Hieron.
1502 1574 1595 1619 apol.
1622 1586 1652 1610 c.
1671 1574 1754 1611 Rus.

236 1629 255 1665 1
278 1630 322 1666 30
347 1631 481 1675 (XXIII
504 1631 571 1667 441
599 1631 652 1675 Μ)
678 1633 715 1666 et
740 1632 845 1676 epist.
873 1629 938 1666 011
963 1631 985 1666 3

281 1714 302 1747 2
327 1714 420 1759 legis
444 1713 488 1749 K
509 1713 625 1760 legem
652 1713 687 1748 L
783 1714 804 1748 3
831 1724 871 1748 ex
895 1712 1139 1757 Keb‚Ls.z.m2
1163 1713 1199 1748 in
1224 1724 1259 1758 g,
1286 1724 1354 1750 om.
1381 1717 1444 1750 cet.
1541 1725 1624 1749 suas
1653 1715 1755 1753 Φα.ο.

233 1774 255 1807 4
280 1771 487 1807 manifestes
511 1773 546 1807 L
570 1772 825 1807 manifestatae
850 1771 894 1806 K
1027 1774 1048 1807 5
1075 1772 1283 1818 opinatione
1309 1773 1323 1808 1
1464 1773 1599 1808 falleris
1623 1773 1754 1810 LMlm

236 1831 326 1876 esse]
353 1834 409 1866 est
433 1831 468 1866 L
586 1832 607 1865 6
634 1830 873 1867 simulandum
899 1830 935 1865 L
1043 1831 1140 1877 quia]
1169 1831 1229 1876 qui
1259 1832 1291 1866 Φ
1411 1833 1431 1867 7
1456 1832 1614 1878 epicurio
1638 1833 1752 1868 Mas.

233 1889 354 1924 littere
383 1890 415 1923 Φ
486 1889 508 1924 8
533 1888 764 1934 plenissimae
791 1891 879 1933 (—me
904 1892 953 1933 m)
976 1888 1241 1933 LM‚ma.c.m2
1313 1891 1334 1925 9
1359 1891 1459 1926 illum
1484 1891 1567 1926 Mm
1657 1891 1752 1937 quod

234 1959 312 1983 rear
340 1949 372 1982 Φ
517 1959 595 1984 reer
618 1948 793 1983 Ka.c.m2
817 1959 898 1983 reor
921 1947 993 1983 LB
1123 1953 1244 1984 mente
1271 1949 1284 1985 1
1310 1936 1316 1943 ¹
1404 1950 1448 1986 10
1473 1961 1612 1996 semper
1638 1950 1753 1986 doctis

234 2006 385 2048 L,Ba.c.
412 2006 528 2042 doctis
553 2018 692 2053 semper
721 2008 753 2042 Φ
777 2018 918 2053 semper
942 2018 962 2043 a
988 2006 1103 2043 doctis
1128 2011 1191 2043 cet.
1267 2009 1307 2043 11
1335 2010 1428 2045 forte
1444 2021 1469 2054 ς
1541 2010 1585 2045 12
1610 2009 1752 2046 sallusti

233 2065 441 2102 Ka.c.m2L
465 2066 608 2102 salustii
632 2066 766 2101 MlmB
862 2066 1053 2112 capurnius
1077 2067 1192 2103 Ma.c.
1217 2068 1406 2112 calpurnus
1431 2068 1476 2103 K
1497 2068 1698 2114 calpornius
1716 2068 1752 2104 L

234 2125 461 2169 calphurnius
488 2126 501 2161 l
597 2126 641 2161 13
668 2125 738 2171 cui]
767 2125 827 2170 qui
852 2125 887 2160 L
1001 2125 1146 2160 aedenti
1171 2127 1266 2162 ullus
1291 2127 1327 2161 L
1423 2127 1468 2162 14
1493 2129 1614 2163 oculus
1638 2128 1753 2163 KLQ

236 2183 278 2218 15
304 2183 508 2229 epistolaris
532 2183 631 2218 Mlm
663 2183 894 2229 epistulariae
919 2183 954 2218 L
1057 2185 1100 2220 16
1127 2186 1194 2231 est]
1221 2185 1308 2221 aad.
1339 2186 1487 2232 explicit
1511 2186 1555 2222 ad
1581 2190 1750 2232 magnum

234 2246 408 2277 oratorem
434 2242 477 2277 K
500 2243 644 2288 explicit
670 2236 746 2288 epis
772 2234 850 2278 hffir
874 2242 919 2277 ad
945 2254 1114 2289 magnum
1140 2247 1317 2280 oratorem
1343 2245 1440 2280 urbis
1466 2257 1586 2281 romae
1610 2246 1661 2280 M
1734 2291 1743 2297 δ

1778 1390 1815 1420 15
