1884 3254
188 1125 209 1158 [0

247 286 332 328 592
786 282 939 317 Sancti
965 282 1221 327 Hieronymi

248 411 299 453 ad
335 423 431 453 eum
469 410 654 465 pontifex
693 411 735 451 et
770 409 830 450 ibi
866 408 994 451 faciet
1031 409 1288 456 mansionem
1322 410 1364 451 et
1396 421 1492 451 cum
1523 413 1766 466 resurgente

247 481 478 536 prandebit.
1364 471 1367 473 ⁵

307 553 347 593 4.
382 551 550 604 Super
580 553 732 605 patre
765 562 858 592 suo
892 552 942 592 et
974 563 1134 604 super
1159 553 1325 593 matre
1352 563 1447 593 sua
1472 563 1567 593 non
1595 552 1767 606 inqui-

248 622 475 664 nabitur.
514 621 651 664 multa
680 633 755 663 nos
787 622 923 669 facere
955 621 1071 676 cogit
1101 620 1276 663 affectus
1308 623 1363 672 et,
1396 622 1498 664 dum
1527 622 1768 677 propinqui-

247 696 356 735 tates
394 692 645 746 respicimus
684 704 921 745 corporum,
958 693 1001 733 et
1032 692 1218 745 corporis
1250 693 1293 733 et
1323 692 1484 734 animae
1517 692 1766 737 offendimus

247 766 487 806 creatorem.
525 763 597 817 qui
634 764 748 804 amat
782 764 944 817 patrem
976 764 1018 804 et
1047 766 1227 804 matrem
1259 775 1384 817 super
1416 761 1649 813 Christum,
1686 775 1768 806 non

249 837 314 877 est
344 847 391 876 eo
425 833 592 888 dignus.
627 833 864 887 discipulus
897 832 948 874 ad
981 833 1242 886 sepulturam
1273 834 1405 887 patris
1436 834 1497 875 ire
1529 833 1768 876 desiderans

247 904 472 946 saluatoris
504 903 750 958 prohibetur
773 902 962 956 imperio.
995 902 1140 956 quanti
1165 903 1480 953 monachorum,
1513 903 1612 945 dum
1638 903 1769 958 patris

248 975 478 1028 matrisque
515 974 779 1024 miserentur,
824 985 923 1015 suas
961 973 1120 1015 animas
1158 973 1444 1027 perdiderunt!
1490 986 1617 1027 super
1652 976 1770 1027 pat-re

249 1050 291 1088 et
327 1048 459 1087 matre
495 1045 630 1098 pollui
666 1045 787 1086 nobis
825 1057 906 1087 non
942 1044 1058 1094 licet,
1103 1046 1257 1098 quanto
1294 1045 1431 1100 magis
1469 1057 1595 1098 super
1628 1045 1769 1097 fratre,

250 1117 477 1167 sororibus,
510 1116 785 1166 consobrinis,
810 1115 984 1166 familia,
1011 1115 1212 1158 seruulis!
1247 1128 1379 1170 genus
1404 1117 1543 1169 regale
1570 1118 1611 1157 et
1637 1127 1770 1158 sacer·

249 1188 389 1229 dotale
416 1199 578 1229 sumus.
603 1187 726 1228 illum
752 1186 1028 1228 adtendamus
1053 1189 1228 1239 patrem,
1254 1186 1327 1240 qui
1347 1199 1574 1240 numquam
1595 1187 1772 1228 moritur

250 1262 322 1300 aut
360 1258 431 1311 qui
468 1270 541 1311 pro
580 1257 700 1299 nobis
740 1257 917 1299 moritur
953 1260 996 1298 et
1033 1257 1106 1310 qui
1141 1257 1235 1299 ideo
1274 1257 1423 1298 uiuens
1448 1258 1654 1299 ‘mortuus
1692 1259 1770 1307 est,

250 1331 297 1370 ut
326 1341 402 1370 nos
434 1330 623 1370 mortuos
651 1327 896 1370 uiuifiearet.
929 1328 965 1369 si
990 1327 1092 1381 quid
1119 1327 1321 1369 habemus
1349 1328 1399 1370 de
1422 1328 1628 1383 Aegypto,
1659 1326 1772 1381 quod

248 1399 441 1453 princeps
472 1398 619 1440 mundi
651 1411 777 1439 suum
802 1398 939 1451 possit
963 1411 1201 1452 agnoscere,
1233 1398 1391 1440 tenenti
1415 1399 1648 1452 Aegypt-iae
1675 1410 1769 1439 cum

248 1470 376 1523 pallio
407 1469 708 1523 relinquamus.
742 1469 915 1511 sindone
947 1471 1118 1522 opertus
1151 1469 1397 1510 adulescens
1422 1469 1613 1510 uinctum
1642 1468 1774 1510 domi-

250 1553 350 1582 uum
383 1541 654 1594 sequebatur:
692 1540 939 1581 incurrisset
970 1541 1157 1594 laqueos,
1197 1539 1278 1580 nisi
1309 1539 1528 1593 expeditus
1561 1542 1603 1581 et
1634 1539 1771 1582 nudus

249 1610 587 1664 persequentium
619 1610 803 1664 impetus
837 1610 1103 1652 declinasset.
1134 1610 1359 1652 reddamus
1385 1610 1641 1664 parentibus,
1668 1622 1773 1663 quae
1839 1601 1843 1604 λ

249 1683 467 1734 parentum
501 1683 616 1730 sunt3
653 1681 689 1722 si
720 1684 861 1722 tamen
893 1681 1059 1731 uiuunt,
1092 1681 1129 1722 si
1160 1681 1393 1723 seruientes
1420 1681 1498 1723 deo
1530 1681 1640 1723 filios
1671 1693 1772 1723 suos

249 1751 446 1806 praeferri
479 1751 560 1793 sibi
592 1751 838 1806 gloriantur.

309 1823 348 1864 5.
393 1822 456 1863 Et
500 1822 558 1863 de
597 1823 806 1864 sanctis
844 1834 941 1863 non
980 1822 1297 1877 egredietur
1335 1825 1386 1864 et
1422 1834 1521 1864 non
1559 1822 1773 1875 polluet
1844 1825 1848 1827 “

248 1892 749 1936 sanctificationem
783 1893 865 1934 dei
898 1893 993 1935 sui.
1027 1906 1100 1946 pro
1134 1893 1268 1935 otioso
1296 1906 1462 1946 quoque
1487 1893 1618 1935 uerbo
1643 1893 1771 1935 ratio-

366 2019 387 2053 3
415 2018 523 2053 *Leu.
549 2018 605 2060 21,
635 2019 674 2053 11
737 2019 758 2054 6
785 2019 829 2054 cf.
855 2018 986 2053 Matth.
1015 2019 1069 2062 10,
1096 2020 1140 2054 37
1204 2020 1223 2054 7
1245 2018 1288 2053 cf.
1315 2018 1445 2053 Matth.
1473 2018 1506 2062 8,
1532 2019 1672 2053 21-22
1698 2022 1766 2055 etc.

249 2078 290 2111 11
321 2076 365 2113 cf.
390 2077 408 2111 1
434 2078 529 2111 Petr.
551 2077 586 2117 2,
608 2078 629 2112 9
728 2078 772 2113 14
799 2078 844 2112 cf.
870 2078 971 2112 Rom.
997 2078 1031 2121 4,
1059 2079 1102 2113 17
1197 2078 1240 2112 15
1267 2077 1310 2113 cf.
1338 2079 1426 2112 Gen.
1453 2078 1511 2122 39,
1538 2078 1582 2112 12
1656 2079 1699 2113 16
1726 2079 1769 2114 cf.

249 2135 357 2170 Marc.
387 2136 442 2177 14,
468 2136 610 2170 51-52
696 2137 738 2171 21
768 2137 875 2171 *Leu.
903 2136 959 2178 21,
987 2136 1030 2171 12
1104 2137 1148 2171 22
1177 2137 1220 2172 cf.
1247 2136 1376 2171 Matth.
1406 2137 1462 2181 12,
1488 2138 1532 2172 36

295 2218 316 2253 3
343 2220 481 2263 patrem
509 2229 610 2252 suum
636 2219 745 2253 Ka.c.
879 2220 942 2254 alt.
969 2230 1075 2264 super
1099 2230 1168 2254 om.
1198 2219 1233 2253 D
1358 2222 1635 2254 matrem.suam
1659 2220 1769 2256 Ka.e.

248 2277 271 2310 4
296 2287 372 2321 cog.
399 2276 467 2311 fac.
493 2277 529 2310 B
626 2280 663 2312 et
687 2289 756 2313 om.
781 2278 825 2312 K
917 2278 1226 2323 propinquitatem
1254 2278 1327 2313 HD
1423 2279 1443 2313 5
1464 2289 1523 2323 pr.
1550 2279 1599 2324 et]
1626 2290 1667 2313 ex
1692 2278 1770 2315 HR

249 2336 270 2369 6
297 2336 347 2379 et]
374 2339 436 2369 aut
462 2335 591 2379 HDQ·
617 2336 702 2371 add.
729 2348 830 2371 suain
855 2347 884 2372 8.
912 2338 934 2372 l.
960 2337 1005 2371 H
1114 2338 1134 2372 7
1163 2338 1219 2382 eo]
1248 2336 1314 2372 deo
1340 2337 1379 2372 D
1492 2338 1514 2372 8
1542 2337 1711 2382 probetur
1734 2337 1771 2372 B

249 2397 368 2439 patres
394 2400 597 2439 matresque
623 2395 661 2428 K
686 2396 780 2440 patri
805 2395 1023 2440 matrisquae
1049 2395 1091 2430 H
1115 2397 1209 2439 patri
1234 2396 1411 2441 matrique
1431 2396 1493 2430 Ha
1506 2398 1598 2431 c.m2
1646 2397 1667 2431 9
1692 2396 1770 2431 ani-

248 2463 324 2486 mas
350 2463 431 2486 suas
451 2452 486 2486 B
559 2453 589 2487 si
613 2465 718 2498 super
736 2454 772 2487 B
845 2456 983 2499 patrem
1001 2454 1068 2488 Ka
1083 2454 1156 2489 an
1206 2455 1247 2490 10
1272 2458 1421 2489 matrem
1442 2454 1550 2491 Ka.c.
1623 2454 1766 2489 fratrem

249 2511 394 2546 KBa.c.
414 2503 452 2546 'fs
478 2513 536 2553 (=
563 2511 746 2555 fratribus)
768 2513 806 2548 Π
852 2514 894 2548 11
917 2513 1097 2548 sororibus
1116 2524 1160 2549 ex
1179 2524 1297 2548 sorore
1322 2514 1370 2555 Φ;
1397 2514 1484 2548 add.
1512 2517 1549 2547 et
1572 2525 1601 2549 8.
1627 2514 1652 2548 l.
1672 2513 1769 2548 m2B

250 2570 474 2604 consubrinis
488 2570 701 2614 ΚΒ,Φα.ε.;
714 2582 784 2616 seq.
798 2583 872 2607 ras.
892 2575 914 2606 5
929 2573 996 2607 litt.
1012 2572 1051 2607 H
1109 2572 1266 2607 familia»,
1282 2572 1477 2607 Hfamijis
1491 2573 1527 2606 B
1600 2577 1677 2607 ets.
1691 2572 1714 2606 1.
1729 2572 1774 2607 K

251 2629 293 2662 12
309 2628 535 2663 adtendimus
549 2629 592 2664 K
640 2631 682 2664 13
703 2631 965 2665 aut-moritur
979 2632 1045 2666 del.
1060 2632 1159 2666 m2B
1231 2632 1383 2666 moritur
1401 2642 1468 2667 om.
1483 2631 1527 2666 H
1596 2632 1643 2676 et]
1659 2635 1722 2666 aut
1738 2632 1770 2666 Φ

251 2687 294 2720 14
320 2690 360 2721 ut
378 2698 421 2721 ex
441 2695 476 2721 et
498 2687 535 2722 11
605 2687 648 2733 si]
674 2688 738 2723 sed
757 2689 796 2724 D
869 2689 962 2734 quod
984 2701 1050 2724 om.
1072 2690 1116 2724 H
1162 2690 1205 2724 15
1224 2689 1372 2724 tenendi
1390 2689 1429 2724 D
1502 2691 1578 2733 ae(e
1595 2689 1769 2734 4⁵)gypiia

247 2749 306 2788 (ew
322 2746 372 2780 -io
391 2747 435 2789 Φ)
450 2747 522 2781 ΠΦ
572 2748 615 2782 16
630 2747 770 2782 uinctus
784 2747 827 2783 K
898 2747 1039 2783 domino
1054 2749 1089 2783 R
1103 2749 1207 2783 deum
1220 2749 1327 2784 Ka.c.
1380 2750 1421 2784 17
1437 2750 1470 2782 in
1494 2749 1656 2793 laquegae
1671 2747 1767 2793 fflos

251 2805 652 2850 HRDJspaemoeHpae.
729 2807 772 2842 18
799 2807 889 2842 decl.
914 2807 1089 2853 impetum
1115 2808 1152 2843 D
1229 2809 1402 2853 impetum
1429 2807 1503 2842 DB
1537 2841 1539 2843 ,
1578 2808 1619 2842 19
1646 2807 1702 2842 alt
1737 2807 1767 2840 si

248 2874 316 2897 om.
344 2863 417 2897 DB
501 2866 662 2900 seruiunt
696 2867 728 2900 Φ
813 2866 954 2901 domino
991 2867 1062 2901 IID
1146 2869 1184 2901 et
1213 2867 1306 2902 filios
1331 2867 1367 2901 B
1427 2868 1471 2902 21
1498 2866 1629 2911 polluit
1654 2865 1768 2901 ΗΒΦ

1794 1056 1830 1086 10
