1884 3254
17 1102 92 1136 ,so

55 1457 92 1485 ab

689 324 893 370 Epistula
918 324 949 358 X
978 325 1067 359 1—3
1587 325 1640 364 37

115 453 293 504 trabilis,
319 453 465 496 dentes
493 453 672 505 candidi,
694 466 774 495 uox
794 466 956 505 canora,
984 465 1136 506 corpus
1158 452 1342 494 solidum
1371 454 1412 494 et
1439 451 1531 493 suci
1556 452 1642 505 ple-

115 535 230 564 num.
251 522 342 566 cani
362 535 458 564 cum
477 522 627 565 rubore
647 523 898 576 discrepant,
913 523 1051 564 uirtus
1069 535 1165 564 cum
1181 524 1317 564 aetate
1333 522 1540 564 dissentit.
1562 535 1640 563 non

114 593 340 636 memoriae
352 594 635 645 tenacitatem,
651 595 700 635 ut
718 593 759 635 in
780 594 992 648 plerisque
1008 593 1233 644 cernimus,
1249 592 1461 647 antiquior
1474 595 1643 634 senecta

115 662 326 715 dissoluit,
340 676 421 706 non
441 663 566 706 calidi
581 677 754 706 acumen
769 663 924 719 ingenii
945 663 1125 719 frigidus
1147 663 1320 718 sanguis
1337 662 1546 713 obtundit,
1562 675 1641 704 non

115 735 370 776 contractam
383 734 501 790 rugis
521 735 671 776 faciem
693 737 806 776 arata
826 734 939 776 frons
960 736 1140 788 asperat,
1162 747 1241 776 non
1263 734 1441 787 denique
1462 735 1644 775 tremula

115 817 264 847 manus
284 818 357 860 per
375 818 529 849 curuos
550 818 667 848 cerae
694 805 885 848 tramites
913 808 1118 847 errantem
1147 805 1290 847 stilum
1320 805 1450 846 ducit.
1478 804 1643 846 futurae

114 876 432 918 resurrectionis
463 876 643 918 uirorem
671 877 713 918 in
739 878 781 918 te
807 876 928 918 nobis
956 875 1152 918 dominus
1180 875 1379 923 ostendit,
1406 877 1455 916 ut
1478 861 1644 928 peccati

114 946 298 988 sciamus
335 959 443 998 esse,
482 947 594 1000 quod
632 946 759 988 ceteri
798 946 935 987 adhuc
979 946 1172 988 uiuentes
1218 945 1557 1000 praemoriuntur
1600 945 1642 986 in

116 1029 247 1069 carne,
266 1017 470 1068 iustitiae,
493 1017 604 1071 quod
623 1020 671 1059 tu
693 1017 1020 1059 adulescentiam
1043 1017 1086 1058 in
1113 1017 1249 1058 aliena
1275 1017 1414 1058 aetate
1439 1016 1644 1058 mentiris.

116 1090 158 1130 et
194 1100 448 1141 quamquam
487 1088 635 1130 multis
672 1087 800 1129 istam
840 1087 1027 1141 corporis
1066 1087 1305 1137 sanitatem,
1339 1087 1466 1128 etiam
1497 1098 1642 1140 pecca-

114 1158 291 1209 toribus,
318 1158 485 1200 euenire
517 1158 754 1210 uideamus,
780 1160 923 1200 tamen
954 1157 1042 1201 illis
1074 1158 1154 1200 hoc
1187 1156 1383 1200 diabolus
1416 1156 1642 1206 ministrat,

115 1232 162 1270 ut
193 1230 380 1282 peccent,
418 1229 497 1271 tibi
529 1229 724 1271 dominus
755 1231 956 1282 praestat,
990 1231 1038 1270 ut
1069 1228 1269 1283 gaudeas

175 1300 215 1341 3.
238 1299 485 1341 Doctissimi
506 1299 660 1353 quique
688 1298 960 1349 Graecorum,
988 1299 1038 1341 de
1060 1300 1214 1352 quibus
1241 1312 1314 1352 pro
1335 1298 1487 1339 Flacco
1515 1310 1642 1352 agens

114 1370 330 1412 luculente
355 1370 522 1412 Tullius
549 1370 626 1412 ait:
654 1370 903 1425 ingenita
934 1369 1134 1411 leuitas
1169 1372 1219 1411 et
1251 1369 1470 1411 erudita
1502 1368 1644 1410 uani⁶

116 1443 212 1491 tas,
256 1453 403 1496 regum
447 1453 619 1483 suorum
664 1440 735 1483 uel
776 1441 1013 1495 principum
1055 1440 1203 1483 laudes
1243 1441 1415 1494 accepta
1453 1438 1645 1481 mercede

117 1510 323 1554 dicebant.
355 1511 434 1554 hoc
474 1524 552 1567 ego
590 1524 700 1554 nunc
737 1511 894 1554 faciens
933 1511 1115 1566 pretium
1154 1523 1282 1565 posco
1320 1523 1394 1565 pro
1433 1509 1643 1552 laudibus.

117 1583 160 1623 et
188 1594 238 1623 ne
270 1583 396 1636 putes
428 1582 593 1624 modica
626 1594 733 1633 esse,
761 1594 867 1636 quae
901 1581 1111 1636 deprecor,
1137 1581 1408 1636 margaritam
1442 1581 1492 1622 de
1520 1593 1643 1622 euan-

115 1652 226 1707 gelio
252 1653 495 1707 postularis,
530 1652 750 1707 eloquia
782 1652 980 1695 domini
1015 1653 1235 1706 eloquia
1268 1654 1432 1703 casta,
1467 1664 1644 1706 argen-

236 1838 278 1872 14
305 1838 429 1873 Cicero
457 1849 518 1882 pro
545 1837 674 1872 Flacco
701 1837 827 1882 fragm.
848 1839 868 1871 2
922 1838 964 1872 17
986 1837 1030 1872 cf.
1057 1837 1186 1872 Matth.
1216 1837 1270 1879 13,
1291 1838 1335 1872 46
1390 1838 1432 1872 18
1458 1838 1517 1873 Ps.
1547 1839 1601 1882 11,
1623 1839 1643 1873 7

164 1968 178 2001 1
208 1977 337 2001 sonora
360 1977 384 2010 g
481 1969 518 2000 et
542 1966 632 2012 suci]
659 1967 797 2001 aestuci
829 1966 878 2002 W
899 1977 986 2001 aesu
1012 1967 1084 2001 cibi
1108 1965 1142 2002 ffi
1231 1967 1325 2001 sucis
1351 1966 1477 2010 Mp.c.,
1502 1977 1530 2000 8.
1558 1967 1580 2001 l.
1608 1966 1644 2000 bi

111 2026 249 2071 <uoluit
274 2025 359 2070 cibi)
384 2027 447 2060 m2
469 2025 501 2059 Σ
578 2026 600 2060 2
626 2025 754 2060 rubore
774 2025 881 2061 eFP
899 2026 1027 2061 robore
1053 2029 1116 2061 cet.
1237 2026 1352 2060 uirtus
1378 2037 1400 2060 ε
1426 2026 1520 2060 uires
1547 2028 1581 2067 (e
1601 2036 1645 2060 ex

115 2085 127 2118 i
152 2083 201 2129 Β)
226 2088 288 2120 cet.
358 2085 493 2130 aetate]
521 2096 549 2120 s.
577 2085 599 2119 l.
626 2095 698 2119 non
723 2083 758 2121 ΞΒ
834 2084 1006 2120 dissentit
1031 2097 1052 2120 ε
1078 2085 1300 2120 dissentiunt
1325 2088 1386 2119 cet.
1462 2085 1482 2120 3
1510 2086 1644 2120 tenaci-

114 2145 191 2178 tate
216 2143 284 2178 FJ
350 2143 400 2188 in]
426 2144 475 2178 im
508 2143 594 2179 WD
665 2146 688 2178 4
714 2143 837 2179 callidi
864 2144 974 2180 FJY‘
1066 2144 1210 2179 obtudit
1235 2143 1356 2179 eWY‘
1424 2144 1508 2189 non]
1535 2146 1599 2179 aut
1624 2156 1645 2179 ε

114 2205 152 2237 et
175 2214 246 2238 non
274 2203 311 2237 Ψ
354 2204 375 2238 5
402 2205 627 2238 contractum
653 2204 777 2250 (corr.)
796 2203 858 2238 «ΤΣ
949 2214 1055 2249 ruges
1082 2216 1103 2239 ε
1127 2203 1244 2249 mgis
1268 2202 1300 2237 J
1394 2203 1512 2238 fronte
1540 2203 1653 2243 FJ,2.'

112 2263 234 2305 (corr.)
291 2262 312 2296 6
338 2263 413 2308 per]
439 2273 503 2308 pro
535 2262 585 2296 W
679 2273 783 2298 cerea
808 2263 847 2298 D
872 2274 974 2298 coere
1002 2263 1184 2308 (cohesere
1208 2264 1285 2305 m2)
1311 2262 1345 2300 ffi
1425 2264 1588 2297 errantes
1614 2263 1646 2299 Ἃ

115 2321 273 2356 sti-*lum
306 2321 357 2355 W
470 2321 614 2356 futurae
639 2321 744 2356 nobis
773 2321 803 2355 C
875 2322 895 2356 7
921 2321 1083 2367 uigorem
1110 2321 1394 2366 21FB,Za.c.m2
1420 2321 1574 2356 uiarum
1602 2321 1651 2355 M

117 2379 203 2414 deus
227 2379 338 2424 Mp.c.
479 2380 500 2414 8
525 2379 648 2415 sciatis
679 2380 731 2415 W
870 2381 891 2415 9
918 2392 1059 2416 carnem
1083 2381 1185 2419 2125ss
1212 2382 1306 2416 carie
1332 2381 1368 2415 B
1394 2381 1524 2416 cariem
1557 2380 1650 2415 Ww

115 2439 247 2474 iustiae
277 2439 312 2477 23
342 2439 478 2483 (corr),
509 2439 540 2474 G
682 2440 726 2475 ab
765 2439 1117 2485 adu(o)li(e)scentia
1151 2440 1313 2486 mdo&
1344 2441 1404 2485 (ab
1444 2440 1531 2476 add.
1567 2443 1645 2485 m2)

115 2497 253 2533 alienae
281 2498 319 2533 Ψ
408 2501 528 2534 aetate
564 2502 599 2535 Ψ
691 2499 866 2545 mentiris]
893 2510 972 2545 exp.
999 2505 1031 2535 et
1055 2511 1083 2534 8.
1112 2501 1134 2535 l.
1161 2502 1280 2534 mutas
1306 2499 1342 2534 B
1365 2499 1504 2534 metiris
1529 2499 1563 2537 ΞΒ
1589 2502 1646 2542 (ex

112 2557 264 2604 metris),
288 2557 558 2604 DMOQZW.
704 2559 748 2595 10
779 2559 1060 2594 ista—sanitate
1084 2559 1118 2594 J
1259 2560 1301 2594 11
1334 2559 1402 2594 hoc
1427 2570 1457 2594 s.
1483 2559 1505 2594 l.
1532 2562 1595 2593 m2
1621 2560 1652 2592 Σ

118 2617 160 2651 12
186 2618 225 2651 et
247 2616 316 2651 tibi
340 2616 439 2652 ΕΙΣ
556 2618 598 2653 13
626 2617 835 2653 doctissime
859 2617 1092 2659 Ja.c.m2‚W
1215 2628 1357 2664 quoque
1385 2618 1417 2652 Σ
1435 2619 1569 2662 (com),
1599 2618 1651 2651 W

114 2675 213 2711 aiens
239 2676 266 2718 (i
292 2686 336 2710 ex
361 2677 400 2720 g)
428 2676 459 2711 Σ
546 2677 589 2711 14
614 2676 820 2712 luculenter
843 2677 924 2711 MC
945 2677 1018 2712 luci
1044 2679 1155 2723 gente
1179 2678 1210 2712 J
1303 2676 1446 2711 tuillius
1472 2676 1512 2711 D
1537 2676 1645 2711 ullius

121 2733 172 2769 W
263 2734 316 2769 ait
338 2734 466 2769 tullius
492 2736 527 2769 B
622 2735 810 2779 l(a)enitas
836 2735 904 2771 FJ
923 2736 1040 2771 leuita
1063 2737 1095 2774 21
1178 2737 1220 2771 16
1248 2735 1392 2771 dicebat
1418 2735 1456 2769 D
1559 2746 1644 2780 ergo

115 2795 149 2837 (r
172 2793 280 2839 eras.)
307 2794 339 2828 Σ
448 2794 557 2839 nunc]
582 2805 653 2829 non
677 2794 778 2830 FJB
892 2795 986 2830 facio
1013 2795 1047 2841 (o
1074 2806 1119 2830 ex
1144 2807 1181 2830 es
1206 2796 1283 2840 m2)
1306 2794 1338 2829 J
1448 2805 1516 2828 uon
1543 2794 1645 2839 (add.

114 2854 191 2896 m2)
218 2852 371 2898 pretium
397 2852 428 2886 J
547 2853 588 2887 17
614 2852 755 2888 modice
780 2853 814 2891 §B
840 2855 974 2897 (corn),
1002 2854 1121 2890 DMO
1144 2853 1240 2888 modi
1268 2854 1299 2888 Σ
1318 2855 1440 2896 (corr.)
1540 2853 1644 2898 quae]

116 2922 222 2956 quam
252 2911 282 2946 C
