1884 3254
264 292 350 335 346
804 286 956 321 Sancti
983 282 1238 328 Hieronymi

262 419 485 472 tranquilla
515 416 717 471 peruenit,
751 425 1005 468 quamquam
1037 411 1127 453 hoc.
1147 411 1329 453 nominis
1367 411 1616 453 uaticinium
1654 411 1781 453 etiam

261 490 302 531 in
330 492 370 531 te
395 487 751 542 praedestinatum
780 484 847 525 sit.
880 482 1063 537 legimus
1097 481 1205 523 enim
1239 483 1431 523 sanctum
1465 493 1631 535 quoque
1656 481 1781 523 Dani-

262 560 402 601 helum
436 557 692 611 appellatum
725 553 1044 595 ‘desideriorum
1080 551 1236 593 uirum'
1268 554 1310 593 et
1346 552 1529 593 amicum
1568 551 1649 602 dei,
1683 551 1781 605 quia
1831 547 1833 549 ’

202 637 211 649 ⁴
262 628 460 683 mysteria
493 627 581 668 eius
616 625 719 667 scire
747 622 1021 665 desiderabat.
1049 622 1206 676 itaque,
1234 621 1346 675 quod
1370 621 1623 663 uenerabilis
1649 621 1781 664 Paula
1879 671 1884 679 ἡ

262 712 327 740 me
363 700 428 740 est
460 697 691 750 deprecata,
724 696 772 736 ut
802 693 993 744 facerem,
1032 688 1180 746 sponte
1221 692 1326 734 facio
1366 692 1592 745 hortorque
1631 704 1707 734 uos
1740 694 1782 734 et
1821 704 1839 732 5
1882 716 1884 721 =

263 781 404 822 precor
429 780 500 822 per
519 766 676 809 domini
696 765 928 815 caritatem,
949 765 999 805 ut
1022 762 1143 806 nobis
1169 764 1336 805 uestros
1363 762 1559 804 tribuatis
1586 764 1782 816 aspectus

262 841 303 880 et
338 851 411 893 per
447 837 708 880 occasionem
747 837 987 877 sanctorum
1023 834 1213 876 locorum
1250 834 1367 875 tanto
1407 831 1551 874 ditetis
1594 845 1782 875 munere.

261 911 385 958 certe,
420 909 455 950 si
487 907 699 950 consortia
731 905 1034 960 displicuerint,
1068 905 1279 954 adorasse,
1310 903 1384 946 ubi
1415 905 1624 945 steterunt
1654 902 1782 957 pedes

261 979 430 1029 domini,
469 990 564 1032 pars
602 976 698 1018 fidei
737 978 801 1018 est
840 977 881 1018 et
919 975 1038 1029 quasi
1075 975 1260 1017 recentia
1297 973 1532 1016 natiuitatis
1571 975 1614 1015 et
1645 973 1781 1015 crucis

261 1063 307 1091 ac
340 1049 547 1103 passionis
580 1046 739 1088 uidisse
772 1039 968 1101 uestigia.
1787 1056 1842 1092 Κιο

319 1121 356 1161 3.
379 1118 912 1172 Opusculorum-meorum,
935 1116 1033 1171 quia
1052 1116 1234 1170 plurima
1259 1115 1534 1157 euolauerunt
1559 1115 1609 1157 de
1634 1114 1779 1157 nidulo

259 1203 334 1232 suo
368 1192 410 1231 et
439 1188 659 1231 temerario
693 1188 890 1230 editionis
922 1187 1077 1230 honore
1109 1187 1285 1242 uulgata
1317 1188 1427 1237 sunt,
1454 1185 1559 1227 nihil
1591 1186 1704 1236 misi,
1729 1198 1780 1228 ne

259 1261 403 1302 eadem
447 1260 623 1302 forsitan
668 1259 894 1310 mitterem,
943 1246 1048 1312 quae
1092 1257 1290 1300 habebas.
1336 1256 1487 1310 quodsi
1531 1257 1782 1310 exemplaria

257 1330 430 1373 libuerit
461 1330 660 1385 mutuari,
693 1330 764 1372 uel
796 1343 819 1371 a
840 1331 995 1388 ⁵sancta
1019 1328 1235 1379 Marcella,
1270 1340 1375 1382 quae
1407 1329 1547 1369 manet
1576 1327 1617 1369 in
1643 1327 1780 1369 Auen-

257 1402 358 1451 tin0‚
392 1401 460 1443 uel
493 1414 516 1443 a
547 1401 655 1454 Loth
687 1400 890 1454 temporis
921 1399 1066 1450 nostri,
1099 1399 1347 1450 Domnione,
1373 1398 1464 1440 uiro
1498 1397 1778 1448 sanctissimo,
1805 1409 1841 1438 15

258 1471 444 1526 accipere
476 1472 647 1525 poteris.
686 1484 763 1526 ego
803 1473 944 1512 autem
983 1469 1200 1524 opperiens
1238 1469 1516 1523 praesentiam
1552 1471 1671 1510 tuam
1707 1470 1781 1510 aut

258 1544 395 1584 totum
440 1542 560 1593 dabo,
600 1555 696 1584 eum
742 1541 939 1592 adfueris,
979 1543 1064 1592 aut,
1106 1540 1141 1582 si
1183 1540 1263 1582 hoc
1307 1539 1469 1593 aliquae
1513 1538 1780 1592 impedierint

259 1612 547 1664 difficultates,
587 1622 877 1666 quaecumque
919 1611 1194 1666 praeceperis,
1231 1611 1367 1653 libens
1411 1610 1590 1652 mitt-am.
1618 1609 1779 1663 'scripsi

257 1683 411 1724 librum
450 1683 500 1725 de
537 1683 790 1725 inlustribus
829 1683 933 1724 uiris
973 1683 1023 1724 ab
1069 1682 1273 1736 apostolis
1317 1694 1451 1735 usque
1497 1681 1548 1722 ad
1591 1682 1775 1723 nostram

260 1755 438 1795 aetatem
487 1754 681 1796 imitatus
731 1753 1025 1807 Tranquillum
1079 1752 1371 1806 Graecumque
1414 1751 1685 1805 Apollonium
1737 1751 1779 1792 et
1802 1764 1838 1792 20

259 1826 355 1877 post
393 1825 633 1880 catalogum
670 1825 947 1878 plurimorum
984 1837 1051 1866 me
1097 1836 1263 1877 quoque
1307 1824 1350 1865 in
1394 1823 1506 1864 calce
1550 1821 1778 1864 uoluminis

258 1894 378 1947 quasi
415 1895 653 1937 abortiuum
694 1897 735 1937 et
772 1895 994 1936 minimum
1033 1895 1220 1936 omnium
1259 1894 1592 1936 Christianorum
1635 1892 1777 1946 posui;

259 1964 331 2005 ubi
367 1965 470 2006 mihi
514 1978 686 2007 necesse
723 1965 816 2018 fuit,
854 1978 990 2019 usque
1034 1965 1086 2006 ad
1131 1966 1327 2019 quartum
1372 1963 1582 2005 decimum
1626 1975 1778 2004 annum

256 2035 482 2077 Theodosii
511 2036 713 2089 principis
747 2049 852 2095 quae
891 2035 1146 2090 scripserim,
1178 2035 1366 2077 breuiter
1405 2034 1619 2075 adnotare:
1654 2045 1778 2086 quem

375 2207 395 2239 2
423 2206 466 2241 cf.
493 2207 584 2241 Dan.
612 2208 645 2251 9,
672 2207 727 2242 23.
758 2207 812 2252 10,
842 2208 882 2242 11
957 2207 979 2242 8
1006 2207 1048 2242 cf.
1076 2207 1134 2242 Ps.
1164 2207 1242 2250 131,
1271 2207 1289 2240 7

307 2334 322 2366 1
351 2334 459 2377 nom.]
487 2345 615 2368 munus
646 2335 850 2369 &amnaD
876 2335 1031 2369 muneris
1063 2334 1094 2369 C'
1176 2334 1349 2369 uaticinio
1376 2345 1400 2378 g
1448 2335 1469 2368 2
1497 2333 1783 2379 praedist.J62

256 2392 414 2435 quoque]
442 2402 657 2436 quamquam
687 2392 909 2428 &aaemaeD'
999 2393 1207 2427 danihelum
1226 2392 1294 2427 FJ
1316 2392 1438 2427 -ielem
1457 2393 1490 2427 Σ
1512 2392 1603 2427 -ihel
1629 2392 1709 2435 (-iel
1726 2392 1776 2435 B)

256 2452 319 2483 cet.
394 2450 414 2483 3
441 2450 505 2484 uir.
533 2450 605 2484 des.
634 2451 665 2484 Σ
732 2452 847 2486 uirum
874 2463 942 2487 om.
968 2452 1007 2486 D
1078 2453 1101 2486 4
1128 2452 1204 2486 eius
1231 2462 1297 2486 om.
1323 2451 1383 2486 JZ
1470 2451 1560 2485 scire
1585 2451 1626 2486 in
1650 2462 1716 2496 my.
1742 2450 1779 2484 B

257 2506 486 2543 desiderabat
510 2509 570 2543 JZ
592 2511 685 2543 -auit
711 2514 772 2544 cet.
887 2511 941 2545 ita
967 2512 998 2545 Σ
1090 2513 1110 2546 5
1138 2513 1195 2545 est
1220 2510 1317 2556 depr.
1348 2510 1453 2544 &DC
1476 2512 1531 2544 est
1557 2511 1718 2544 exortata
1743 2508 1782 2542 F

257 2568 419 2601 exortata
445 2567 547 2609 (add.
571 2578 598 2602 s,
626 2568 648 2604 l.
675 2568 791 2603 fuerat
816 2571 892 2613 m2)
919 2570 950 2603 Σ
974 2570 1160 2604 exhortata
1183 2569 1214 2604 J
1242 2569 1386 2604 hortata
1412 2573 1468 2603 est
1491 2569 1528 2603 B
1669 2567 1776 2612 facio]

255 2625 398 2670 reliqua
425 2636 491 2661 om.
518 2626 615 2661 ΕΙΣ
723 2628 743 2660 6
771 2630 889 2662 uestro
916 2628 955 2661 D
1082 2630 1101 2663 7
1128 2639 1191 2662 nos
1219 2627 1284 2662 dit.
1310 2639 1334 2672 ς
1440 2628 1462 2662 8
1489 2638 1583 2662 cons,
1608 2629 1732 2662 nostra
1754 2637 1779 2671 g

257 2684 277 2717 9
305 2684 413 2729 dom]
442 2684 528 2720 add.
554 2685 747 2720 saluatoris
778 2686 807 2719 Θ
832 2688 871 2727 (s.
900 2688 922 2720 l.
950 2690 1034 2730 ⁷722),
1062 2687 1098 2721 ’Β
1196 2687 1236 2721 11
1266 2687 1480 2721 uolauerunt
1505 2686 1541 2720 B
1647 2685 1721 2720 nilo
1749 2684 1780 2719 0

259 2743 301 2776 14
327 2743 457 2778 mutari
481 2744 520 2778 D
641 2745 683 2779 15
709 2745 763 2779 lot
791 2744 821 2779 G
939 2746 1051 2780 nostri
1078 2748 1119 2789 (s.
1147 2746 1185 2791 l.)
1209 2748 1319 2791 temp.
1347 2745 1383 2779 B
1503 2745 1716 2791 dompnione
1742 2744 1777 2778 B

256 2800 425 2836 domnine
455 2803 619 2839 9a.c.m2
681 2803 724 2837 16
749 2804 912 2848 operiens
939 2804 1041 2839 codd.
1100 2805 1142 2839 17
1169 2807 1235 2839 tot.
1261 2804 1331 2839 tibi
1355 2816 1379 2848 g
1439 2804 1483 2839 23
1511 2803 1585 2839 dec.
1612 2805 1728 2849 quart.
1753 2815 1777 2847 g

256 2859 301 2893 24
325 2858 480 2894 teodosii
506 2861 541 2895 B
