<?xml version="1.0" encoding="UTF-8"?>
<!DOCTYPE html PUBLIC "-//W3C//DTD XHTML 1.0 Transitional//EN"
    "http://www.w3.org/TR/xhtml1/DTD/xhtml1-transitional.dtd">
<html xmlns="http://www.w3.org/1999/xhtml" xml:lang="en" lang="en">
 <head>
  <title>
</title>
<meta http-equiv="Content-Type" content="text/html;charset=utf-8" />
  <meta name='ocr-system' content='tesseract 3.04.00' />
  <meta name='ocr-capabilities' content='ocr_page ocr_carea ocr_par ocr_line ocrx_word'/>
</head>
<body>
  <div class='ocr_page' id='page_1' title='image "./corpusscriptorum54stuoft_0462.png"; bbox 0 0 1884 3254; ppageno 0'>
   <div class='ocr_carea' id='block_1_1' title="bbox 227 239 1224 284">
    <p class='ocr_par' dir='ltr' id='par_1_1' title="bbox 227 239 1224 284">
     <span class='ocr_line' id='line_1_1' title="bbox 227 239 1224 284; baseline -0.01 -2"><span class='ocrx_word' id='word_1_1' title='bbox 227 241 311 282; x_wconf 89' lang='lat'>448</span> <span class='ocrx_word' id='word_1_2' title='bbox 788 239 942 275; x_wconf 81' lang='lat' dir='ltr'>Sancti</span> <span class='ocrx_word' id='word_1_3' title='bbox 968 239 1224 284; x_wconf 84' lang='lat' dir='ltr'><strong>Hieronymi</strong></span> 
     </span>
    </p>
   </div>
   <div class='ocr_carea' id='block_1_2' title="bbox 164 367 1748 1555">
    <p class='ocr_par' dir='ltr' id='par_1_2' title="bbox 164 367 1748 1555">
     <span class='ocr_line' id='line_1_2' title="bbox 226 367 1745 424; baseline -0.001 -12"><span class='ocrx_word' id='word_1_4' title='bbox 226 369 321 412; x_wconf 90' lang='lat' dir='ltr'>dere</span> <span class='ocrx_word' id='word_1_5' title='bbox 340 369 390 411; x_wconf 88' lang='lat' dir='ltr'>de</span> <span class='ocrx_word' id='word_1_6' title='bbox 409 370 516 424; x_wconf 86' lang='lat' dir='ltr'>lege.</span> <span class='ocrx_word' id='word_1_7' title='bbox 543 371 586 411; x_wconf 88' lang='lat' dir='ltr'>et</span> <span class='ocrx_word' id='word_1_8' title='bbox 604 369 644 410; x_wconf 93' lang='lat' dir='ltr'>in</span> <span class='ocrx_word' id='word_1_9' title='bbox 665 368 990 411; x_wconf 75' lang='lat' dir='ltr'>Deuteronomio</span> <span class='ocrx_word' id='word_1_10' title='bbox 1010 367 1211 422; x_wconf 83' lang='lat' dir='ltr'>legimus:</span> <span class='ocrx_word' id='word_1_11' title='bbox 1237 368 1517 423; x_wconf 85' lang='lat' dir='ltr'>interroga</span> <span class='ocrx_word' id='word_1_12' title='bbox 1542 372 1745 424; x_wconf 85' lang='lat' dir='ltr'>patrem</span> 
     </span>
     <span class='ocr_line' id='line_1_3' title="bbox 225 437 1748 492; baseline 0 -10"><span class='ocrx_word' id='word_1_13' title='bbox 225 443 373 482; x_wconf 90' lang='lat' dir='ltr'>tuum</span> <span class='ocrx_word' id='word_1_14' title='bbox 394 442 444 481; x_wconf 93' lang='lat' dir='ltr'>et</span> <span class='ocrx_word' id='word_1_15' title='bbox 464 438 808 481; x_wconf 76' lang='lat' dir='ltr'>adnuntiabit</span> <span class='ocrx_word' id='word_1_16' title='bbox 834 437 953 488; x_wconf 89' lang='lat' dir='ltr'>tibi,</span> <span class='ocrx_word' id='word_1_17' title='bbox 973 437 1330 492; x_wconf 82' lang='lat' dir='ltr'>presbyteros</span> <span class='ocrx_word' id='word_1_18' title='bbox 1350 440 1473 481; x_wconf 91' lang='lat' dir='ltr'>tuos</span> <span class='ocrx_word' id='word_1_19' title='bbox 1495 441 1546 481; x_wconf 90' lang='lat' dir='ltr'>et</span> <span class='ocrx_word' id='word_1_20' title='bbox 1565 439 1748 482; x_wconf 91' lang='lat' dir='ltr'>dicent</span> 
     </span>
     <span class='ocr_line' id='line_1_4' title="bbox 166 508 1745 564; baseline 0 -12"><span class='ocrx_word' id='word_1_21' title='bbox 166 516 187 547; x_wconf 77' lang='lat'>5</span> <span class='ocrx_word' id='word_1_22' title='bbox 226 510 339 552; x_wconf 90' lang='lat' dir='ltr'>tibi.</span> <span class='ocrx_word' id='word_1_23' title='bbox 366 510 407 551; x_wconf 91' lang='lat' dir='ltr'>in</span> <span class='ocrx_word' id='word_1_24' title='bbox 433 510 594 564; x_wconf 87' lang='lat' dir='ltr'>psalmo</span> <span class='ocrx_word' id='word_1_25' title='bbox 622 520 788 562; x_wconf 88' lang='lat' dir='ltr'>quoque</span> <span class='ocrx_word' id='word_1_26' title='bbox 811 508 1040 551; x_wconf 89' lang='lat' dir='ltr'>centesimo</span> <span class='ocrx_word' id='word_1_27' title='bbox 1063 510 1213 551; x_wconf 85' lang='lat' dir='ltr'>octauo</span> <span class='ocrx_word' id='word_1_28' title='bbox 1234 508 1417 551; x_wconf 88' lang='lat' dir='ltr'>decimo:</span> <span class='ocrx_word' id='word_1_29' title='bbox 1439 509 1745 552; x_wconf 77' lang='lat' dir='ltr'>cantabiles</span> 
     </span>
     <span class='ocr_line' id='line_1_5' title="bbox 223 578 1746 635; baseline 0 -13"><span class='ocrx_word' id='word_1_30' title='bbox 223 581 353 622; x_wconf 75' lang='lat' dir='ltr'>mih-i</span> <span class='ocrx_word' id='word_1_31' title='bbox 386 582 537 622; x_wconf 87' lang='lat' dir='ltr'>erant</span> <span class='ocrx_word' id='word_1_32' title='bbox 567 578 1015 622; x_wconf 86' lang='lat' dir='ltr'>iustificationes</span> <span class='ocrx_word' id='word_1_33' title='bbox 1047 582 1172 621; x_wconf 85' lang='lat' dir='ltr'>tuae</span> <span class='ocrx_word' id='word_1_34' title='bbox 1202 579 1253 621; x_wconf 90' lang='lat' dir='ltr'>in</span> <span class='ocrx_word' id='word_1_35' title='bbox 1286 580 1404 622; x_wconf 90' lang='lat' dir='ltr'>loco</span> <span class='ocrx_word' id='word_1_36' title='bbox 1442 581 1746 635; x_wconf 86' lang='lat' dir='ltr'>peregrina-</span> 
     </span>
     <span class='ocr_line' id='line_1_6' title="bbox 224 649 1745 703; baseline 0.001 -11"><span class='ocrx_word' id='word_1_37' title='bbox 224 651 393 693; x_wconf 77' lang='lat' dir='ltr'>tionis</span> <span class='ocrx_word' id='word_1_38' title='bbox 425 662 582 692; x_wconf 91' lang='lat' dir='ltr'>meae.</span> <span class='ocrx_word' id='word_1_39' title='bbox 622 652 664 691; x_wconf 91' lang='lat' dir='ltr'>et</span> <span class='ocrx_word' id='word_1_40' title='bbox 693 649 735 690; x_wconf 89' lang='lat' dir='ltr'>in</span> <span class='ocrx_word' id='word_1_41' title='bbox 769 649 1051 703; x_wconf 76' lang='lat' dir='ltr'>descriptione</span> <span class='ocrx_word' id='word_1_42' title='bbox 1081 650 1187 692; x_wconf 87' lang='lat' dir='ltr'>iusti</span> <span class='ocrx_word' id='word_1_43' title='bbox 1217 650 1312 700; x_wconf 85' lang='lat' dir='ltr'>uiri,</span> <span class='ocrx_word' id='word_1_44' title='bbox 1352 663 1447 692; x_wconf 90' lang='lat' dir='ltr'>cum</span> <span class='ocrx_word' id='word_1_45' title='bbox 1480 663 1577 692; x_wconf 88' lang='lat' dir='ltr'>eum</span> <span class='ocrx_word' id='word_1_46' title='bbox 1609 650 1745 694; x_wconf 85' lang='lat' dir='ltr'>arbori</span> 
     </span>
     <span class='ocr_line' id='line_1_7' title="bbox 224 719 1746 776; baseline 0 -13"><span class='ocrx_word' id='word_1_47' title='bbox 224 721 374 770; x_wconf 84' lang='lat' dir='ltr'>Dauid,</span> <span class='ocrx_word' id='word_1_48' title='bbox 415 733 521 776; x_wconf 88' lang='lat' dir='ltr'>quae</span> <span class='ocrx_word' id='word_1_49' title='bbox 559 723 625 763; x_wconf 89' lang='lat' dir='ltr'>est</span> <span class='ocrx_word' id='word_1_50' title='bbox 660 720 775 763; x_wconf 88' lang='lat' dir='ltr'>uitae</span> <span class='ocrx_word' id='word_1_51' title='bbox 811 720 854 762; x_wconf 91' lang='lat' dir='ltr'>in</span> <span class='ocrx_word' id='word_1_52' title='bbox 893 719 1100 774; x_wconf 82' lang='lat' dir='ltr'>paradiso,</span> <span class='ocrx_word' id='word_1_53' title='bbox 1139 723 1396 775; x_wconf 88' lang='lat' dir='ltr'>conpararet,</span> <span class='ocrx_word' id='word_1_54' title='bbox 1439 721 1549 764; x_wconf 86' lang='lat' dir='ltr'>inter</span> <span class='ocrx_word' id='word_1_55' title='bbox 1585 726 1746 764; x_wconf 85' lang='lat' dir='ltr'>ceteras</span> 
     </span>
     <span class='ocr_line' id='line_1_8' title="bbox 224 790 1745 846; baseline 0 -12"><span class='ocrx_word' id='word_1_56' title='bbox 224 792 403 835; x_wconf 90' lang='lat' dir='ltr'>uirtutes</span> <span class='ocrx_word' id='word_1_57' title='bbox 430 791 555 833; x_wconf 87' lang='lat' dir='ltr'>etiam</span> <span class='ocrx_word' id='word_1_58' title='bbox 579 791 659 833; x_wconf 88' lang='lat' dir='ltr'>hoc</span> <span class='ocrx_word' id='word_1_59' title='bbox 683 790 848 833; x_wconf 87' lang='lat' dir='ltr'>intulit:</span> <span class='ocrx_word' id='word_1_60' title='bbox 881 790 931 832; x_wconf 75' lang='lat' dir='ltr'>in</span> <span class='ocrx_word' id='word_1_61' title='bbox 962 792 1082 846; x_wconf 89' lang='lat' dir='ltr'>lege</span> <span class='ocrx_word' id='word_1_62' title='bbox 1115 790 1314 833; x_wconf 90' lang='lat' dir='ltr'>domini</span> <span class='ocrx_word' id='word_1_63' title='bbox 1348 791 1456 834; x_wconf 89' lang='lat' dir='ltr'>fuit</span> <span class='ocrx_word' id='word_1_64' title='bbox 1485 791 1745 834; x_wconf 83' lang='lat' dir='ltr'>uoluntas</span> 
     </span>
     <span class='ocr_line' id='line_1_9' title="bbox 225 861 1746 917; baseline -0.001 -12"><span class='ocrx_word' id='word_1_65' title='bbox 225 863 340 905; x_wconf 88' lang='lat' dir='ltr'>eius</span> <span class='ocrx_word' id='word_1_66' title='bbox 367 862 492 905; x_wconf 88' lang='lat' dir='ltr'>etin</span> <span class='ocrx_word' id='word_1_67' title='bbox 518 862 637 917; x_wconf 88' lang='lat' dir='ltr'>lege</span> <span class='ocrx_word' id='word_1_68' title='bbox 664 862 779 904; x_wconf 89' lang='lat' dir='ltr'>eius</span> <span class='ocrx_word' id='word_1_69' title='bbox 807 861 1164 904; x_wconf 87' lang='lat' dir='ltr'>meditabitur</span> <span class='ocrx_word' id='word_1_70' title='bbox 1189 861 1274 903; x_wconf 87' lang='lat' dir='ltr'>die</span> <span class='ocrx_word' id='word_1_71' title='bbox 1299 874 1354 904; x_wconf 85' lang='lat' dir='ltr'>ao</span> <span class='ocrx_word' id='word_1_72' title='bbox 1375 864 1542 904; x_wconf 87' lang='lat' dir='ltr'>nocte.</span> <span class='ocrx_word' id='word_1_73' title='bbox 1568 862 1746 905; x_wconf 85' lang='lat' dir='ltr'>Danihel</span> 
     </span>
     <span class='ocr_line' id='line_1_10' title="bbox 223 932 1745 988; baseline 0.001 -13"><span class='ocrx_word' id='word_1_74' title='bbox 223 941 263 981; x_wconf 83' lang='lat' dir='ltr'>in</span> <span class='ocrx_word' id='word_1_75' title='bbox 296 933 375 975; x_wconf 90' lang='lat' dir='ltr'>fine</span> <span class='ocrx_word' id='word_1_76' title='bbox 407 933 716 983; x_wconf 73' lang='lat' dir='ltr'>sacratissimae</span> <span class='ocrx_word' id='word_1_77' title='bbox 756 932 934 975; x_wconf 88' lang='lat' dir='ltr'>uisionis</span> <span class='ocrx_word' id='word_1_78' title='bbox 972 932 1109 975; x_wconf 88' lang='lat' dir='ltr'>iustos</span> <span class='ocrx_word' id='word_1_79' title='bbox 1147 933 1207 975; x_wconf 86' lang='lat' dir='ltr'>ait</span> <span class='ocrx_word' id='word_1_80' title='bbox 1243 933 1405 988; x_wconf 84' lang='lat' dir='ltr'>fulgere</span> <span class='ocrx_word' id='word_1_81' title='bbox 1443 933 1563 987; x_wconf 87' lang='lat' dir='ltr'>quasi</span> <span class='ocrx_word' id='word_1_82' title='bbox 1599 933 1745 976; x_wconf 81' lang='lat' dir='ltr'>stellas</span> 
     </span>
     <span class='ocr_line' id='line_1_11' title="bbox 176 992 1743 1059; baseline -0.001 -11"><span class='ocrx_word' id='word_1_83' title='bbox 176 1010 182 1018; x_wconf 85' lang='grc'><strong>’</strong></span> <span class='ocrx_word' id='word_1_84' title='bbox 223 1007 265 1048; x_wconf 91' lang='lat' dir='ltr'>et</span> <span class='ocrx_word' id='word_1_85' title='bbox 306 1005 611 1059; x_wconf 85' lang='lat' dir='ltr'>intellegentes,</span> <span class='ocrx_word' id='word_1_86' title='bbox 659 1003 704 1046; x_wconf 90' lang='lat' dir='ltr'>id</span> <span class='ocrx_word' id='word_1_87' title='bbox 753 992 819 1046; x_wconf 84' lang='lat' dir='ltr'>est</span> <span class='ocrx_word' id='word_1_88' title='bbox 863 1003 1024 1054; x_wconf 90' lang='lat' dir='ltr'>doctos,</span> <span class='ocrx_word' id='word_1_89' title='bbox 1070 1004 1193 1058; x_wconf 83' lang='lat' dir='ltr'>quasi</span> <span class='ocrx_word' id='word_1_90' title='bbox 1236 1004 1559 1046; x_wconf 84' lang='lat' dir='ltr'>firmamentum.</span> <span class='ocrx_word' id='word_1_91' title='bbox 1608 1003 1743 1055; x_wconf 87' lang='lat' dir='ltr'>uides,</span> 
     </span>
     <span class='ocr_line' id='line_1_12' title="bbox 223 1070 1745 1134; baseline 0 -17"><span class='ocrx_word' id='word_1_92' title='bbox 223 1077 424 1129; x_wconf 88' lang='lat' dir='ltr'>quantum</span> <span class='ocrx_word' id='word_1_93' title='bbox 464 1074 622 1117; x_wconf 90' lang='lat' dir='ltr'>distent</span> <span class='ocrx_word' id='word_1_94' title='bbox 660 1074 771 1134; x_wconf 64' lang='lat' dir='ltr'>inter</span> <span class='ocrx_word' id='word_1_95' title='bbox 807 1087 852 1117; x_wconf 89' lang='lat' dir='ltr'>se</span> <span class='ocrx_word' id='word_1_96' title='bbox 894 1074 1011 1116; x_wconf 84' lang='lat' dir='ltr'>iusta</span> <span class='ocrx_word' id='word_1_97' title='bbox 1055 1074 1272 1116; x_wconf 84' lang='lat' dir='ltr'>rusticitas</span> <span class='ocrx_word' id='word_1_98' title='bbox 1312 1077 1355 1116; x_wconf 86' lang='lat' dir='ltr'>et</span> <span class='ocrx_word' id='word_1_99' title='bbox 1392 1074 1516 1117; x_wconf 85' lang='lat' dir='ltr'>docta</span> <span class='ocrx_word' id='word_1_100' title='bbox 1551 1070 1745 1117; x_wconf 55' lang='lat' dir='ltr'>iustitia?</span> 
     </span>
     <span class='ocr_line' id='line_1_13' title="bbox 221 1144 1744 1199; baseline 0 -12"><span class='ocrx_word' id='word_1_101' title='bbox 221 1145 294 1188; x_wconf 89' lang='lat' dir='ltr'>alii</span> <span class='ocrx_word' id='word_1_102' title='bbox 324 1145 473 1196; x_wconf 85' lang='lat' dir='ltr'>stellis,</span> <span class='ocrx_word' id='word_1_103' title='bbox 506 1145 578 1187; x_wconf 86' lang='lat' dir='ltr'>alii</span> <span class='ocrx_word' id='word_1_104' title='bbox 610 1145 724 1187; x_wconf 87' lang='lat' dir='ltr'>caelo</span> <span class='ocrx_word' id='word_1_105' title='bbox 756 1147 1045 1199; x_wconf 85' lang='lat' dir='ltr'>conparantur,</span> <span class='ocrx_word' id='word_1_106' title='bbox 1078 1157 1330 1199; x_wconf 86' lang='lat' dir='ltr'>quamquam</span> <span class='ocrx_word' id='word_1_107' title='bbox 1354 1145 1472 1187; x_wconf 81' lang='lat' dir='ltr'>iuxta</span> <span class='ocrx_word' id='word_1_108' title='bbox 1494 1144 1744 1188; x_wconf 84' lang='lat' dir='ltr'>Hebraicam</span> 
     </span>
     <span class='ocr_line' id='line_1_14' title="bbox 221 1216 1744 1271; baseline 0 -13"><span class='ocrx_word' id='word_1_109' title='bbox 221 1216 442 1259; x_wconf 85' lang='lat' dir='ltr'>ueritatem</span> <span class='ocrx_word' id='word_1_110' title='bbox 472 1218 699 1270; x_wconf 88' lang='lat' dir='ltr'>utrumque</span> <span class='ocrx_word' id='word_1_111' title='bbox 730 1216 886 1270; x_wconf 84' lang='lat' dir='ltr'>possit;</span> <span class='ocrx_word' id='word_1_112' title='bbox 923 1216 985 1258; x_wconf 88' lang='lat' dir='ltr'>ita</span> <span class='ocrx_word' id='word_1_113' title='bbox 1016 1216 1125 1258; x_wconf 90' lang='lat' dir='ltr'>enim</span> <span class='ocrx_word' id='word_1_114' title='bbox 1163 1216 1274 1270; x_wconf 83' lang='lat' dir='ltr'>apud</span> <span class='ocrx_word' id='word_1_115' title='bbox 1306 1229 1376 1259; x_wconf 87' lang='lat' dir='ltr'>eos</span> <span class='ocrx_word' id='word_1_116' title='bbox 1413 1216 1615 1271; x_wconf 86' lang='lat' dir='ltr'>legimus:</span> <span class='ocrx_word' id='word_1_117' title='bbox 1655 1216 1744 1270; x_wconf 87' lang='lat' dir='ltr'>qui</span> 
     </span>
     <span class='ocr_line' id='line_1_15' title="bbox 223 1287 1746 1348; baseline 0.001 -19"><span class='ocrx_word' id='word_1_118' title='bbox 223 1290 395 1329; x_wconf 87' lang='lat' dir='ltr'>autem</span> <span class='ocrx_word' id='word_1_119' title='bbox 452 1287 599 1347; x_wconf 89' lang='lat' dir='ltr'>docti</span> <span class='ocrx_word' id='word_1_120' title='bbox 654 1287 876 1339; x_wconf 87' lang='lat' dir='ltr'>fuerint,</span> <span class='ocrx_word' id='word_1_121' title='bbox 920 1287 1224 1342; x_wconf 75' lang='lat' dir='ltr'>fulgebunt</span> <span class='ocrx_word' id='word_1_122' title='bbox 1279 1288 1431 1348; x_wconf 88' lang='lat' dir='ltr'>quasi</span> <span class='ocrx_word' id='word_1_123' title='bbox 1488 1287 1746 1342; x_wconf 89' lang='lat' dir='ltr'>splendor</span> 
     </span>
     <span class='ocr_line' id='line_1_16' title="bbox 222 1357 1741 1412; baseline 0.001 -13"><span class='ocrx_word' id='word_1_124' title='bbox 222 1358 552 1400; x_wconf 85' lang='lat' dir='ltr'>firmamenti</span> <span class='ocrx_word' id='word_1_125' title='bbox 594 1360 657 1408; x_wconf 89' lang='lat' dir='ltr'>et,</span> <span class='ocrx_word' id='word_1_126' title='bbox 691 1358 781 1412; x_wconf 92' lang='lat' dir='ltr'>qui</span> <span class='ocrx_word' id='word_1_127' title='bbox 820 1358 880 1399; x_wconf 88' lang='lat' dir='ltr'>ad</span> <span class='ocrx_word' id='word_1_128' title='bbox 912 1358 1190 1400; x_wconf 80' lang='lat' dir='ltr'>iustitiam</span> <span class='ocrx_word' id='word_1_129' title='bbox 1232 1357 1488 1400; x_wconf 88' lang='lat' dir='ltr'>erudiunt</span> <span class='ocrx_word' id='word_1_130' title='bbox 1524 1359 1741 1409; x_wconf 81' lang='lat' dir='ltr'>multos,</span> 
     </span>
     <span class='ocr_line' id='line_1_17' title="bbox 164 1428 1743 1483; baseline 0 -12"><span class='ocrx_word' id='word_1_131' title='bbox 164 1432 182 1441; x_wconf 57' lang='lat'><em>⁸</em></span> <span class='ocrx_word' id='word_1_132' title='bbox 223 1429 376 1483; x_wconf 85' lang='lat' dir='ltr'>quasi</span> <span class='ocrx_word' id='word_1_133' title='bbox 410 1429 606 1471; x_wconf 86' lang='lat' dir='ltr'>stellae</span> <span class='ocrx_word' id='word_1_134' title='bbox 643 1429 692 1470; x_wconf 90' lang='lat' dir='ltr'>in</span> <span class='ocrx_word' id='word_1_135' title='bbox 731 1431 1023 1482; x_wconf 83' lang='lat' dir='ltr'>perpetuas</span> <span class='ocrx_word' id='word_1_136' title='bbox 1062 1429 1441 1472; x_wconf 85' lang='lat' dir='ltr'>aeternitates.</span> <span class='ocrx_word' id='word_1_137' title='bbox 1481 1441 1555 1471; x_wconf 86' lang='lat' dir='ltr'>cur</span> <span class='ocrx_word' id='word_1_138' title='bbox 1585 1428 1743 1471; x_wconf 81' lang='lat' dir='ltr'>Paulus</span> 
     </span>
     <span class='ocr_line' id='line_1_18' title="bbox 223 1500 1744 1555; baseline 0.001 -14"><span class='ocrx_word' id='word_1_139' title='bbox 223 1501 439 1554; x_wconf 88' lang='lat' dir='ltr'>apostolus</span> <span class='ocrx_word' id='word_1_140' title='bbox 472 1512 547 1542; x_wconf 89' lang='lat' dir='ltr'>uas</span> <span class='ocrx_word' id='word_1_141' title='bbox 582 1500 827 1543; x_wconf 82' lang='lat' dir='ltr'>electionis?</span> <span class='ocrx_word' id='word_1_142' title='bbox 866 1502 1015 1555; x_wconf 88' lang='lat' dir='ltr'>nempe</span> <span class='ocrx_word' id='word_1_143' title='bbox 1048 1500 1145 1554; x_wconf 87' lang='lat' dir='ltr'>quia</span> <span class='ocrx_word' id='word_1_144' title='bbox 1175 1513 1253 1543; x_wconf 87' lang='lat' dir='ltr'>uas</span> <span class='ocrx_word' id='word_1_145' title='bbox 1283 1500 1393 1555; x_wconf 90' lang='lat' dir='ltr'>legis</span> <span class='ocrx_word' id='word_1_146' title='bbox 1432 1502 1474 1542; x_wconf 91' lang='lat' dir='ltr'>et</span> <span class='ocrx_word' id='word_1_147' title='bbox 1505 1502 1744 1542; x_wconf 84' lang='lat' dir='ltr'>sanctarum</span> 
     </span>
    </p>
   </div>
   <div class='ocr_carea' id='block_1_3' title="bbox 221 1684 1745 1789">
    <p class='ocr_par' dir='ltr' id='par_1_3' title="bbox 221 1684 1745 1789">
     <span class='ocr_line' id='line_1_19' title="bbox 341 1684 1745 1729; baseline 0.002 -10"><span class='ocrx_word' id='word_1_148' title='bbox 341 1685 358 1719; x_wconf 94' lang='lat'>1</span> <span class='ocrx_word' id='word_1_149' title='bbox 386 1684 514 1720; x_wconf 60' lang='lat' dir='ltr'>*Dent</span> <span class='ocrx_word' id='word_1_150' title='bbox 541 1686 598 1729; x_wconf 83' lang='lat'>32,</span> <span class='ocrx_word' id='word_1_151' title='bbox 625 1687 644 1721; x_wconf 85' lang='lat'><strong>7</strong></span> <span class='ocrx_word' id='word_1_152' title='bbox 743 1687 764 1720; x_wconf 89' lang='lat'><strong>3</strong></span> <span class='ocrx_word' id='word_1_153' title='bbox 790 1686 848 1721; x_wconf 84' lang='lat' dir='ltr'>Pe.</span> <span class='ocrx_word' id='word_1_154' title='bbox 877 1686 954 1728; x_wconf 89' lang='grc'><strong>118,</strong></span> <span class='ocrx_word' id='word_1_155' title='bbox 984 1686 1029 1720; x_wconf 88' lang='grc'>54</span> <span class='ocrx_word' id='word_1_156' title='bbox 1126 1685 1147 1720; x_wconf 89' lang='grc'>5</span> <span class='ocrx_word' id='word_1_157' title='bbox 1175 1685 1218 1721; x_wconf 87' lang='lat' dir='ltr'>cf.</span> <span class='ocrx_word' id='word_1_158' title='bbox 1243 1685 1303 1721; x_wconf 89' lang='lat' dir='ltr'>Ps.</span> <span class='ocrx_word' id='word_1_159' title='bbox 1332 1685 1363 1729; x_wconf 94' lang='lat'>1,</span> <span class='ocrx_word' id='word_1_160' title='bbox 1389 1686 1410 1721; x_wconf 89' lang='lat'><strong>3</strong></span> <span class='ocrx_word' id='word_1_161' title='bbox 1509 1686 1529 1720; x_wconf 86' lang='lat'><strong>7</strong></span> <span class='ocrx_word' id='word_1_162' title='bbox 1555 1685 1636 1722; x_wconf 79' lang='lat' dir='ltr'>*Ps.</span> <span class='ocrx_word' id='word_1_163' title='bbox 1664 1686 1694 1728; x_wconf 91' lang='lat'>1,</span> <span class='ocrx_word' id='word_1_164' title='bbox 1720 1687 1745 1722; x_wconf 88' lang='grc'><strong>2</strong></span> 
     </span>
     <span class='ocr_line' id='line_1_20' title="bbox 221 1742 1360 1789; baseline 0 -11"><span class='ocrx_word' id='word_1_165' title='bbox 221 1745 242 1779; x_wconf 89' lang='grc'>8</span> <span class='ocrx_word' id='word_1_166' title='bbox 269 1743 313 1779; x_wconf 82' lang='lat' dir='ltr'>cf.</span> <span class='ocrx_word' id='word_1_167' title='bbox 338 1742 431 1778; x_wconf 88' lang='lat' dir='ltr'>Dan.</span> <span class='ocrx_word' id='word_1_168' title='bbox 459 1743 562 1787; x_wconf 59' lang='lat'>12⁴3</span> <span class='ocrx_word' id='word_1_169' title='bbox 637 1744 681 1779; x_wconf 87' lang='grc'>13</span> <span class='ocrx_word' id='word_1_170' title='bbox 706 1744 799 1780; x_wconf 87' lang='lat' dir='ltr'>Dan.</span> <span class='ocrx_word' id='word_1_171' title='bbox 828 1744 883 1786; x_wconf 88' lang='grc'>12,</span> <span class='ocrx_word' id='word_1_172' title='bbox 909 1745 930 1779; x_wconf 90' lang='grc'><strong>3</strong></span> <span class='ocrx_word' id='word_1_173' title='bbox 1004 1744 1050 1780; x_wconf 89' lang='grc'>16</span> <span class='ocrx_word' id='word_1_174' title='bbox 1077 1744 1122 1779; x_wconf 86' lang='lat' dir='ltr'>cf.</span> <span class='ocrx_word' id='word_1_175' title='bbox 1147 1744 1229 1780; x_wconf 87' lang='lat' dir='ltr'>Act.</span> <span class='ocrx_word' id='word_1_176' title='bbox 1255 1745 1288 1789; x_wconf 90' lang='grc'>9,</span> <span class='ocrx_word' id='word_1_177' title='bbox 1315 1744 1360 1779; x_wconf 89' lang='grc'>15</span> 
     </span>
    </p>
   </div>
   <div class='ocr_carea' id='block_1_4' title="bbox 217 1871 1748 2863">
    <p class='ocr_par' dir='ltr' id='par_1_4' title="bbox 217 1871 1748 2863">
     <span class='ocr_line' id='line_1_21' title="bbox 269 1871 1744 1917; baseline 0.001 -10"><span class='ocrx_word' id='word_1_178' title='bbox 269 1872 286 1907; x_wconf 95' lang='lat' dir='ltr'>l</span> <span class='ocrx_word' id='word_1_179' title='bbox 315 1875 352 1907; x_wconf 90' lang='lat' dir='ltr'>et</span> <span class='ocrx_word' id='word_1_180' title='bbox 376 1883 443 1909; x_wconf 89' lang='lat' dir='ltr'>om.</span> <span class='ocrx_word' id='word_1_181' title='bbox 470 1871 571 1907; x_wconf 67' lang='lat' dir='ltr'>ZDS</span> <span class='ocrx_word' id='word_1_182' title='bbox 688 1871 935 1907; x_wconf 87' lang='lat' dir='ltr'>deuternomio</span> <span class='ocrx_word' id='word_1_183' title='bbox 961 1874 986 1907; x_wconf 78' lang='grc' dir='ltr'>λ,</span> <span class='ocrx_word' id='word_1_184' title='bbox 1083 1873 1105 1907; x_wconf 93' lang='grc'><strong>2</strong></span> <span class='ocrx_word' id='word_1_185' title='bbox 1132 1872 1364 1908; x_wconf 86' lang='lat' dir='ltr'>adnnntiauit</span> <span class='ocrx_word' id='word_1_186' title='bbox 1386 1873 1577 1917; x_wconf 75' lang='lat' dir='ltr'>HD,Z&#39;a.c.</span> <span class='ocrx_word' id='word_1_187' title='bbox 1603 1873 1744 1909; x_wconf 80' lang='lat' dir='ltr'>adnun-</span> 
     </span>
     <span class='ocr_line' id='line_1_22' title="bbox 219 1924 1748 1977; baseline 0.001 -11"><span class='ocrx_word' id='word_1_188' title='bbox 219 1931 311 1966; x_wconf 86' lang='lat' dir='ltr'>tiaui</span> <span class='ocrx_word' id='word_1_189' title='bbox 335 1933 360 1967; x_wconf 76' lang='grc' dir='ltr'><strong><em>λ</em></strong></span> <span class='ocrx_word' id='word_1_190' title='bbox 532 1931 769 1977; x_wconf 65' lang='lat' dir='ltr'>presb—tibi</span> <span class='ocrx_word' id='word_1_191' title='bbox 800 1942 868 1966; x_wconf 88' lang='lat' dir='ltr'>om.</span> <span class='ocrx_word' id='word_1_192' title='bbox 895 1933 920 1967; x_wconf 77' lang='grc' dir='ltr'><em>λ</em></span> <span class='ocrx_word' id='word_1_193' title='bbox 1087 1924 1195 1977; x_wconf 62' lang='grc' dir='ltr'><em>Ρτῗοε</em></span> <span class='ocrx_word' id='word_1_194' title='bbox 1220 1932 1264 1967; x_wconf 88' lang='lat' dir='ltr'><strong><em>H</em></strong></span> <span class='ocrx_word' id='word_1_195' title='bbox 1293 1943 1396 1967; x_wconf 84' lang='lat' dir='ltr'>senes</span> <span class='ocrx_word' id='word_1_196' title='bbox 1426 1933 1463 1967; x_wconf 92' lang='lat' dir='ltr'><strong><em>P</em></strong></span> <span class='ocrx_word' id='word_1_197' title='bbox 1491 1933 1651 1968; x_wconf 82' lang='lat' dir='ltr'>seniores</span> <span class='ocrx_word' id='word_1_198' title='bbox 1674 1931 1748 1968; x_wconf 71' lang='lat' dir='ltr'>DS</span> 
     </span>
     <span class='ocr_line' id='line_1_23' title="bbox 219 1989 1746 2036; baseline 0.001 -11"><span class='ocrx_word' id='word_1_199' title='bbox 219 1990 369 2025; x_wconf 84' lang='lat' dir='ltr'>maiores</span> <span class='ocrx_word' id='word_1_200' title='bbox 396 1991 429 2025; x_wconf 91' lang='grc' dir='ltr'><em>Σ</em></span> <span class='ocrx_word' id='word_1_201' title='bbox 518 1991 539 2026; x_wconf 89' lang='grc'><strong>3</strong></span> <span class='ocrx_word' id='word_1_202' title='bbox 567 1989 718 2026; x_wconf 86' lang='lat' dir='ltr'>CXVIII</span> <span class='ocrx_word' id='word_1_203' title='bbox 742 1990 810 2026; x_wconf 80' lang='grc' dir='ltr'>ΣΒ</span> <span class='ocrx_word' id='word_1_204' title='bbox 835 1989 1006 2027; x_wconf 88' lang='lat' dir='ltr'>CXVIIII</span> <span class='ocrx_word' id='word_1_205' title='bbox 1031 1990 1074 2026; x_wconf 91' lang='lat' dir='ltr'><strong><em>H</em></strong></span> <span class='ocrx_word' id='word_1_206' title='bbox 1167 1991 1375 2028; x_wconf 86' lang='lat' dir='ltr'>centissimo</span> <span class='ocrx_word' id='word_1_207' title='bbox 1400 1993 1425 2027; x_wconf 78' lang='grc' dir='ltr'><strong><em>λ</em></strong></span> <span class='ocrx_word' id='word_1_208' title='bbox 1522 1991 1598 2027; x_wconf 88' lang='lat' dir='ltr'>dec.</span> <span class='ocrx_word' id='word_1_209' title='bbox 1623 1993 1694 2027; x_wconf 78' lang='lat' dir='ltr'>oct.</span> <span class='ocrx_word' id='word_1_210' title='bbox 1716 2002 1746 2036; x_wconf 75' lang='lat' dir='ltr'>g</span> 
     </span>
     <span class='ocr_line' id='line_1_24' title="bbox 218 2049 1743 2096; baseline 0 -11"><span class='ocrx_word' id='word_1_211' title='bbox 218 2051 241 2085; x_wconf 87' lang='lat'>4</span> <span class='ocrx_word' id='word_1_212' title='bbox 267 2060 315 2087; x_wconf 90' lang='lat' dir='ltr'>er.</span> <span class='ocrx_word' id='word_1_213' title='bbox 339 2049 429 2084; x_wconf 88' lang='lat' dir='ltr'>mihi</span> <span class='ocrx_word' id='word_1_214' title='bbox 453 2049 493 2085; x_wconf 89' lang='lat' dir='ltr'>D</span> <span class='ocrx_word' id='word_1_215' title='bbox 587 2049 855 2085; x_wconf 79' lang='lat' dir='ltr'>iustificationis</span> <span class='ocrx_word' id='word_1_216' title='bbox 880 2049 926 2084; x_wconf 89' lang='lat' dir='ltr'><strong><em>H</em></strong></span> <span class='ocrx_word' id='word_1_217' title='bbox 945 2050 1084 2085; x_wconf 82' lang='lat' dir='ltr'>iustitie</span> <span class='ocrx_word' id='word_1_218' title='bbox 1108 2050 1149 2085; x_wconf 91' lang='lat' dir='ltr'>D</span> <span class='ocrx_word' id='word_1_219' title='bbox 1221 2051 1242 2084; x_wconf 86' lang='lat'>5</span> <span class='ocrx_word' id='word_1_220' title='bbox 1268 2049 1502 2096; x_wconf 85' lang='lat' dir='ltr'>discriptione</span> <span class='ocrx_word' id='word_1_221' title='bbox 1526 2050 1598 2086; x_wconf 67' lang='lat' dir='ltr'>aH</span> <span class='ocrx_word' id='word_1_222' title='bbox 1663 2050 1743 2086; x_wconf 80' lang='lat' dir='ltr'>arb.</span> 
     </span>
     <span class='ocr_line' id='line_1_25' title="bbox 220 2107 1739 2154; baseline 0.001 -11"><span class='ocrx_word' id='word_1_223' title='bbox 220 2108 300 2144; x_wconf 84' lang='lat' dir='ltr'>dau.</span> <span class='ocrx_word' id='word_1_224' title='bbox 327 2119 417 2154; x_wconf 85' lang='lat' dir='ltr'>quae</span> <span class='ocrx_word' id='word_1_225' title='bbox 443 2120 474 2144; x_wconf 87' lang='lat' dir='ltr'>e.</span> <span class='ocrx_word' id='word_1_226' title='bbox 499 2109 566 2145; x_wconf 88' lang='lat' dir='ltr'>uit.</span> <span class='ocrx_word' id='word_1_227' title='bbox 591 2110 616 2144; x_wconf 76' lang='grc' dir='ltr'><em>λ</em></span> <span class='ocrx_word' id='word_1_228' title='bbox 641 2109 716 2144; x_wconf 88' lang='lat' dir='ltr'>arb.</span> <span class='ocrx_word' id='word_1_229' title='bbox 742 2108 863 2152; x_wconf 83' lang='lat' dir='ltr'>(arbor</span> <span class='ocrx_word' id='word_1_230' title='bbox 886 2109 980 2153; x_wconf 92' lang='lat' dir='ltr'>HD)</span> <span class='ocrx_word' id='word_1_231' title='bbox 1005 2109 1071 2144; x_wconf 87' lang='lat' dir='ltr'>uit.</span> <span class='ocrx_word' id='word_1_232' title='bbox 1098 2108 1180 2144; x_wconf 84' lang='lat' dir='ltr'>dau.</span> <span class='ocrx_word' id='word_1_233' title='bbox 1207 2119 1298 2154; x_wconf 80' lang='lat' dir='ltr'>quae</span> <span class='ocrx_word' id='word_1_234' title='bbox 1324 2118 1354 2143; x_wconf 88' lang='lat' dir='ltr'>e.</span> <span class='ocrx_word' id='word_1_235' title='bbox 1381 2112 1444 2145; x_wconf 82' lang='lat' dir='ltr'>eet.</span> <span class='ocrx_word' id='word_1_236' title='bbox 1470 2107 1552 2146; x_wconf 76' lang='lat' dir='ltr'>dau.</span> <span class='ocrx_word' id='word_1_237' title='bbox 1577 2108 1654 2144; x_wconf 79' lang='lat' dir='ltr'>arb.</span> <span class='ocrx_word' id='word_1_238' title='bbox 1673 2109 1739 2145; x_wconf 89' lang='lat' dir='ltr'>uit.</span> 
     </span>
     <span class='ocr_line' id='line_1_26' title="bbox 220 2167 1747 2214; baseline 0.001 -12"><span class='ocrx_word' id='word_1_239' title='bbox 220 2178 310 2212; x_wconf 87' lang='lat' dir='ltr'>quae</span> <span class='ocrx_word' id='word_1_240' title='bbox 336 2179 366 2203; x_wconf 90' lang='lat' dir='ltr'>e.</span> <span class='ocrx_word' id='word_1_241' title='bbox 391 2179 416 2212; x_wconf 79' lang='lat' dir='ltr'>g</span> <span class='ocrx_word' id='word_1_242' title='bbox 557 2168 579 2203; x_wconf 89' lang='grc'>6</span> <span class='ocrx_word' id='word_1_243' title='bbox 605 2167 791 2214; x_wconf 86' lang='lat' dir='ltr'>paradisso</span> <span class='ocrx_word' id='word_1_244' title='bbox 816 2169 842 2203; x_wconf 78' lang='grc' dir='ltr'><strong><em>λ</em></strong></span> <span class='ocrx_word' id='word_1_245' title='bbox 871 2167 1046 2214; x_wconf 77' lang='lat' dir='ltr'>paradyso</span> <span class='ocrx_word' id='word_1_246' title='bbox 1071 2167 1362 2213; x_wconf 73' lang='lat' dir='ltr'>HPD‚z⁷p.c.m2</span> <span class='ocrx_word' id='word_1_247' title='bbox 1504 2170 1688 2214; x_wconf 77' lang='lat' dir='ltr'>comparet</span> <span class='ocrx_word' id='word_1_248' title='bbox 1704 2167 1747 2204; x_wconf 59' lang='grc' dir='ltr'>δ’</span> 
     </span>
     <span class='ocr_line' id='line_1_27' title="bbox 219 2226 1738 2272; baseline 0 -11"><span class='ocrx_word' id='word_1_249' title='bbox 219 2227 238 2261; x_wconf 90' lang='lat'><strong>7</strong></span> <span class='ocrx_word' id='word_1_250' title='bbox 266 2226 390 2272; x_wconf 90' lang='lat' dir='ltr'>etiam]</span> <span class='ocrx_word' id='word_1_251' title='bbox 417 2228 453 2261; x_wconf 87' lang='lat' dir='ltr'>et</span> <span class='ocrx_word' id='word_1_252' title='bbox 476 2238 501 2271; x_wconf 76' lang='lat' dir='ltr'>g</span> <span class='ocrx_word' id='word_1_253' title='bbox 584 2227 653 2262; x_wconf 88' lang='lat' dir='ltr'>hoc</span> <span class='ocrx_word' id='word_1_254' title='bbox 678 2238 747 2262; x_wconf 87' lang='lat' dir='ltr'>om.</span> <span class='ocrx_word' id='word_1_255' title='bbox 771 2226 816 2261; x_wconf 89' lang='lat' dir='ltr'><strong><em>H</em></strong></span> <span class='ocrx_word' id='word_1_256' title='bbox 897 2226 1038 2262; x_wconf 88' lang='lat' dir='ltr'>intullit</span> <span class='ocrx_word' id='word_1_257' title='bbox 1062 2228 1087 2262; x_wconf 78' lang='grc' dir='ltr'>λ,</span> <span class='ocrx_word' id='word_1_258' title='bbox 1177 2227 1250 2261; x_wconf 86' lang='lat' dir='ltr'>fuit</span> <span class='ocrx_word' id='word_1_259' title='bbox 1272 2226 1350 2271; x_wconf 79' lang='grc' dir='ltr'>λΗ,</span> <span class='ocrx_word' id='word_1_260' title='bbox 1376 2237 1445 2263; x_wconf 87' lang='lat' dir='ltr'>om.</span> <span class='ocrx_word' id='word_1_261' title='bbox 1470 2230 1533 2263; x_wconf 80' lang='lat' dir='ltr'>cet.</span> <span class='ocrx_word' id='word_1_262' title='bbox 1603 2226 1628 2262; x_wconf 88' lang='lat'>8</span> <span class='ocrx_word' id='word_1_263' title='bbox 1655 2229 1738 2262; x_wconf 87' lang='lat' dir='ltr'>et—</span> 
     </span>
     <span class='ocr_line' id='line_1_28' title="bbox 219 2284 1747 2331; baseline 0 -11"><span class='ocrx_word' id='word_1_264' title='bbox 219 2285 294 2320; x_wconf 90' lang='lat' dir='ltr'>eius</span> <span class='ocrx_word' id='word_1_265' title='bbox 319 2296 387 2322; x_wconf 88' lang='lat' dir='ltr'>om.</span> <span class='ocrx_word' id='word_1_266' title='bbox 412 2285 454 2320; x_wconf 88' lang='lat' dir='ltr'><strong><em>H</em></strong></span> <span class='ocrx_word' id='word_1_267' title='bbox 560 2285 666 2331; x_wconf 73' lang='lat' dir='ltr'>med]</span> <span class='ocrx_word' id='word_1_268' title='bbox 695 2286 781 2321; x_wconf 83' lang='lat' dir='ltr'>add.</span> <span class='ocrx_word' id='word_1_269' title='bbox 808 2287 846 2321; x_wconf 88' lang='lat' dir='ltr'>et</span> <span class='ocrx_word' id='word_1_270' title='bbox 870 2286 907 2320; x_wconf 88' lang='lat' dir='ltr'>in</span> <span class='ocrx_word' id='word_1_271' title='bbox 931 2286 1014 2331; x_wconf 88' lang='lat' dir='ltr'>lege</span> <span class='ocrx_word' id='word_1_272' title='bbox 1039 2286 1116 2320; x_wconf 85' lang='lat' dir='ltr'>eius</span> <span class='ocrx_word' id='word_1_273' title='bbox 1140 2285 1378 2320; x_wconf 81' lang='lat' dir='ltr'>meditabitur</span> <span class='ocrx_word' id='word_1_274' title='bbox 1401 2287 1426 2320; x_wconf 77' lang='grc' dir='ltr'><em>λ</em></span> <span class='ocrx_word' id='word_1_275' title='bbox 1540 2284 1612 2331; x_wconf 84' lang='lat' dir='ltr'>die]</span> <span class='ocrx_word' id='word_1_276' title='bbox 1637 2284 1675 2320; x_wconf 88' lang='lat' dir='ltr'>di</span> <span class='ocrx_word' id='word_1_277' title='bbox 1698 2285 1747 2320; x_wconf 88' lang='lat' dir='ltr'><strong><em>H</em></strong></span> 
     </span>
     <span class='ocr_line' id='line_1_29' title="bbox 219 2339 1743 2390; baseline 0.001 -12"><span class='ocrx_word' id='word_1_278' title='bbox 219 2344 339 2379; x_wconf 85' lang='lat' dir='ltr'>daniel</span> <span class='ocrx_word' id='word_1_279' title='bbox 363 2339 532 2389; x_wconf 62' lang='lat' dir='ltr'>245¹,Pa.c.</span> <span class='ocrx_word' id='word_1_280' title='bbox 654 2346 676 2380; x_wconf 88' lang='grc'>9</span> <span class='ocrx_word' id='word_1_281' title='bbox 701 2345 818 2380; x_wconf 82' lang='lat' dir='ltr'>iustus</span> <span class='ocrx_word' id='word_1_282' title='bbox 842 2345 888 2380; x_wconf 91' lang='lat' dir='ltr'><strong><em>H</em></strong></span> <span class='ocrx_word' id='word_1_283' title='bbox 907 2345 996 2379; x_wconf 88' lang='lat' dir='ltr'>iusti</span> <span class='ocrx_word' id='word_1_284' title='bbox 1021 2345 1090 2380; x_wconf 82' lang='grc' dir='ltr'>ΣΒ</span> <span class='ocrx_word' id='word_1_285' title='bbox 1209 2345 1353 2390; x_wconf 80' lang='lat' dir='ltr'>fulgent</span> <span class='ocrx_word' id='word_1_286' title='bbox 1377 2344 1447 2379; x_wconf 77' lang='grc' dir='ltr'>ΣΒ</span> <span class='ocrx_word' id='word_1_287' title='bbox 1566 2344 1690 2390; x_wconf 75' lang='lat' dir='ltr'>quassi</span> <span class='ocrx_word' id='word_1_288' title='bbox 1713 2345 1743 2380; x_wconf 76' lang='grc' dir='ltr'>λ.</span> 
     </span>
     <span class='ocr_line' id='line_1_30' title="bbox 218 2403 1744 2450; baseline 0.001 -13"><span class='ocrx_word' id='word_1_289' title='bbox 218 2403 311 2438; x_wconf 83' lang='lat' dir='ltr'>sicut</span> <span class='ocrx_word' id='word_1_290' title='bbox 334 2414 359 2447; x_wconf 78' lang='lat' dir='ltr'>g</span> <span class='ocrx_word' id='word_1_291' title='bbox 477 2403 581 2438; x_wconf 86' lang='lat' dir='ltr'>stelle</span> <span class='ocrx_word' id='word_1_292' title='bbox 606 2404 645 2438; x_wconf 92' lang='lat' dir='ltr'>D</span> <span class='ocrx_word' id='word_1_293' title='bbox 667 2439 669 2441; x_wconf 65' lang='grc'><strong>,</strong></span> <span class='ocrx_word' id='word_1_294' title='bbox 744 2404 787 2439; x_wconf 93' lang='grc'>10</span> <span class='ocrx_word' id='word_1_295' title='bbox 813 2405 957 2439; x_wconf 86' lang='lat' dir='ltr'>et-est</span> <span class='ocrx_word' id='word_1_296' title='bbox 981 2415 1050 2440; x_wconf 82' lang='lat' dir='ltr'>em.</span> <span class='ocrx_word' id='word_1_297' title='bbox 1077 2405 1102 2439; x_wconf 81' lang='grc' dir='ltr'><strong><em>λ</em></strong></span> <span class='ocrx_word' id='word_1_298' title='bbox 1221 2404 1272 2450; x_wconf 88' lang='lat' dir='ltr'>id]</span> <span class='ocrx_word' id='word_1_299' title='bbox 1298 2404 1366 2440; x_wconf 89' lang='lat' dir='ltr'>hoc</span> <span class='ocrx_word' id='word_1_300' title='bbox 1391 2404 1459 2439; x_wconf 79' lang='grc' dir='ltr'>ΣΒ</span> <span class='ocrx_word' id='word_1_301' title='bbox 1577 2403 1676 2439; x_wconf 77' lang='lat' dir='ltr'>docti</span> <span class='ocrx_word' id='word_1_302' title='bbox 1699 2403 1744 2438; x_wconf 90' lang='lat' dir='ltr'>D</span> 
     </span>
     <span class='ocr_line' id='line_1_31' title="bbox 219 2461 1744 2509; baseline 0.001 -13"><span class='ocrx_word' id='word_1_303' title='bbox 219 2462 261 2497; x_wconf 91' lang='lat'>11</span> <span class='ocrx_word' id='word_1_304' title='bbox 289 2461 372 2497; x_wconf 85' lang='lat' dir='ltr'>dist.</span> <span class='ocrx_word' id='word_1_305' title='bbox 397 2462 463 2497; x_wconf 78' lang='lat' dir='ltr'>int.</span> <span class='ocrx_word' id='word_1_306' title='bbox 489 2474 527 2498; x_wconf 87' lang='lat' dir='ltr'>se</span> <span class='ocrx_word' id='word_1_307' title='bbox 552 2464 576 2498; x_wconf 79' lang='grc' dir='ltr'><em>λ</em></span> <span class='ocrx_word' id='word_1_308' title='bbox 602 2463 667 2498; x_wconf 90' lang='lat' dir='ltr'>int.</span> <span class='ocrx_word' id='word_1_309' title='bbox 695 2463 833 2498; x_wconf 83' lang='lat' dir='ltr'>distant</span> <span class='ocrx_word' id='word_1_310' title='bbox 850 2464 895 2498; x_wconf 90' lang='lat' dir='ltr'><strong><em>H</em></strong></span> <span class='ocrx_word' id='word_1_311' title='bbox 915 2463 981 2501; x_wconf 89' lang='lat' dir='ltr'>int.</span> <span class='ocrx_word' id='word_1_312' title='bbox 1008 2474 1046 2498; x_wconf 86' lang='lat' dir='ltr'>se</span> <span class='ocrx_word' id='word_1_313' title='bbox 1072 2463 1156 2498; x_wconf 87' lang='lat' dir='ltr'>dist.</span> <span class='ocrx_word' id='word_1_314' title='bbox 1182 2467 1245 2498; x_wconf 81' lang='lat' dir='ltr'>cet.</span> <span class='ocrx_word' id='word_1_315' title='bbox 1343 2465 1381 2498; x_wconf 88' lang='lat' dir='ltr'>et</span> <span class='ocrx_word' id='word_1_316' title='bbox 1406 2463 1526 2509; x_wconf 82' lang='lat' dir='ltr'>docta]</span> <span class='ocrx_word' id='word_1_317' title='bbox 1550 2462 1682 2499; x_wconf 80' lang='lat' dir='ltr'>edocta</span> <span class='ocrx_word' id='word_1_318' title='bbox 1698 2463 1744 2498; x_wconf 91' lang='lat' dir='ltr'><strong><em>H</em></strong></span> 
     </span>
     <span class='ocr_line' id='line_1_32' title="bbox 219 2521 1738 2568; baseline 0.001 -12"><span class='ocrx_word' id='word_1_319' title='bbox 219 2521 263 2556; x_wconf 84' lang='lat'>12</span> <span class='ocrx_word' id='word_1_320' title='bbox 289 2521 377 2557; x_wconf 86' lang='lat' dir='ltr'>caeli</span> <span class='ocrx_word' id='word_1_321' title='bbox 402 2522 448 2556; x_wconf 90' lang='lat' dir='ltr'><strong><em>H</em></strong></span> <span class='ocrx_word' id='word_1_322' title='bbox 562 2523 658 2557; x_wconf 82' lang='lat' dir='ltr'>iusta</span> <span class='ocrx_word' id='word_1_323' title='bbox 682 2523 719 2557; x_wconf 92' lang='lat' dir='ltr'><strong><em>P</em></strong></span> <span class='ocrx_word' id='word_1_324' title='bbox 836 2522 1012 2558; x_wconf 82' lang='lat' dir='ltr'>ebraicam</span> <span class='ocrx_word' id='word_1_325' title='bbox 1037 2523 1079 2558; x_wconf 89' lang='lat' dir='ltr'><strong><em>H</em></strong></span> <span class='ocrx_word' id='word_1_326' title='bbox 1104 2523 1280 2558; x_wconf 81' lang='lat' dir='ltr'>ebreicam</span> <span class='ocrx_word' id='word_1_327' title='bbox 1307 2524 1332 2558; x_wconf 78' lang='grc' dir='ltr'>λ,</span> <span class='ocrx_word' id='word_1_328' title='bbox 1435 2523 1480 2558; x_wconf 84' lang='grc'>13</span> <span class='ocrx_word' id='word_1_329' title='bbox 1504 2522 1621 2568; x_wconf 79' lang='lat' dir='ltr'>possit</span> <span class='ocrx_word' id='word_1_330' title='bbox 1643 2523 1670 2557; x_wconf 76' lang='grc' dir='ltr'><strong><em>λ</em></strong></span> <span class='ocrx_word' id='word_1_331' title='bbox 1693 2521 1738 2557; x_wconf 92' lang='lat' dir='ltr'>de</span> 
     </span>
     <span class='ocr_line' id='line_1_33' title="bbox 218 2580 1742 2627; baseline 0.001 -12"><span class='ocrx_word' id='word_1_332' title='bbox 218 2580 367 2616; x_wconf 85' lang='lat' dir='ltr'>eruditis</span> <span class='ocrx_word' id='word_1_333' title='bbox 394 2581 453 2624; x_wconf 87' lang='lat' dir='ltr'>(de</span> <span class='ocrx_word' id='word_1_334' title='bbox 479 2592 526 2616; x_wconf 88' lang='lat' dir='ltr'>er.</span> <span class='ocrx_word' id='word_1_335' title='bbox 553 2591 620 2616; x_wconf 86' lang='lat' dir='ltr'>om.</span> <span class='ocrx_word' id='word_1_336' title='bbox 646 2581 702 2626; x_wconf 92' lang='lat' dir='ltr'>H)</span> <span class='ocrx_word' id='word_1_337' title='bbox 727 2582 843 2627; x_wconf 89' lang='lat' dir='ltr'>possit</span> <span class='ocrx_word' id='word_1_338' title='bbox 865 2582 1031 2627; x_wconf 86' lang='lat' dir='ltr'>intellegi</span> <span class='ocrx_word' id='word_1_339' title='bbox 1056 2587 1119 2618; x_wconf 82' lang='lat' dir='ltr'>cet.</span> <span class='ocrx_word' id='word_1_340' title='bbox 1195 2583 1238 2617; x_wconf 86' lang='lat'>14</span> <span class='ocrx_word' id='word_1_341' title='bbox 1264 2581 1370 2617; x_wconf 87' lang='lat' dir='ltr'>docto</span> <span class='ocrx_word' id='word_1_342' title='bbox 1389 2582 1491 2617; x_wconf 84' lang='lat' dir='ltr'>Pa.c.</span> <span class='ocrx_word' id='word_1_343' title='bbox 1515 2591 1587 2617; x_wconf 86' lang='lat' dir='ltr'>non</span> <span class='ocrx_word' id='word_1_344' title='bbox 1611 2581 1742 2625; x_wconf 69' lang='lat' dir='ltr'>(eras.)</span> 
     </span>
     <span class='ocr_line' id='line_1_34' title="bbox 218 2639 1746 2687; baseline 0.001 -13"><span class='ocrx_word' id='word_1_345' title='bbox 218 2639 315 2674; x_wconf 89' lang='lat' dir='ltr'>docti</span> <span class='ocrx_word' id='word_1_346' title='bbox 339 2640 383 2674; x_wconf 90' lang='lat' dir='ltr'><strong><em>H</em></strong></span> <span class='ocrx_word' id='word_1_347' title='bbox 497 2639 689 2686; x_wconf 80' lang='lat' dir='ltr'>fulgebant</span> <span class='ocrx_word' id='word_1_348' title='bbox 711 2641 868 2685; x_wconf 82' lang='lat' dir='ltr'>H‚Pa.c.</span> <span class='ocrx_word' id='word_1_349' title='bbox 987 2641 1077 2678; x_wconf 86' lang='lat' dir='ltr'>firm.</span> <span class='ocrx_word' id='word_1_350' title='bbox 1103 2640 1292 2687; x_wconf 84' lang='lat' dir='ltr'>splendore</span> <span class='ocrx_word' id='word_1_351' title='bbox 1315 2641 1361 2676; x_wconf 93' lang='lat' dir='ltr'><strong><em>H</em></strong></span> <span class='ocrx_word' id='word_1_352' title='bbox 1466 2641 1509 2676; x_wconf 88' lang='lat'>15</span> <span class='ocrx_word' id='word_1_353' title='bbox 1534 2640 1581 2676; x_wconf 83' lang='lat' dir='ltr'>ad</span> <span class='ocrx_word' id='word_1_354' title='bbox 1604 2651 1633 2676; x_wconf 83' lang='lat'>8.</span> <span class='ocrx_word' id='word_1_355' title='bbox 1659 2640 1682 2675; x_wconf 81' lang='lat'>1.</span> <span class='ocrx_word' id='word_1_356' title='bbox 1708 2640 1746 2675; x_wconf 83' lang='grc' dir='ltr'><em>Σ</em></span> 
     </span>
     <span class='ocr_line' id='line_1_35' title="bbox 220 2699 1740 2746; baseline 0.001 -13"><span class='ocrx_word' id='word_1_357' title='bbox 220 2699 261 2733; x_wconf 91' lang='grc'>16</span> <span class='ocrx_word' id='word_1_358' title='bbox 288 2699 411 2734; x_wconf 84' lang='lat' dir='ltr'>stellas</span> <span class='ocrx_word' id='word_1_359' title='bbox 437 2699 533 2734; x_wconf 87' lang='lat' dir='ltr'>inter</span> <span class='ocrx_word' id='word_1_360' title='bbox 556 2699 598 2733; x_wconf 90' lang='lat' dir='ltr'><strong><em>H</em></strong></span> <span class='ocrx_word' id='word_1_361' title='bbox 693 2700 921 2735; x_wconf 85' lang='lat' dir='ltr'>aeternitatis</span> <span class='ocrx_word' id='word_1_362' title='bbox 945 2699 988 2735; x_wconf 88' lang='lat' dir='ltr'><strong><em>H</em></strong></span> <span class='ocrx_word' id='word_1_363' title='bbox 1083 2702 1159 2746; x_wconf 87' lang='lat' dir='ltr'>cur]</span> <span class='ocrx_word' id='word_1_364' title='bbox 1188 2700 1275 2736; x_wconf 84' lang='lat' dir='ltr'>add.</span> <span class='ocrx_word' id='word_1_365' title='bbox 1301 2700 1432 2736; x_wconf 85' lang='lat' dir='ltr'>dicitur</span> <span class='ocrx_word' id='word_1_366' title='bbox 1450 2699 1482 2734; x_wconf 78' lang='lat' dir='ltr'><em>S</em></span> <span class='ocrx_word' id='word_1_367' title='bbox 1552 2699 1594 2735; x_wconf 83' lang='lat'>17</span> <span class='ocrx_word' id='word_1_368' title='bbox 1619 2701 1740 2745; x_wconf 65' lang='lat' dir='ltr'>apost.</span> 
     </span>
     <span class='ocr_line' id='line_1_36' title="bbox 218 2756 1741 2805; baseline 0.001 -14"><span class='ocrx_word' id='word_1_369' title='bbox 218 2767 284 2792; x_wconf 88' lang='lat' dir='ltr'>om.</span> <span class='ocrx_word' id='word_1_370' title='bbox 312 2756 342 2791; x_wconf 83' lang='lat' dir='ltr'><strong><em>S</em></strong></span> <span class='ocrx_word' id='word_1_371' title='bbox 451 2758 496 2793; x_wconf 83' lang='lat' dir='ltr'>el.</span> <span class='ocrx_word' id='word_1_372' title='bbox 522 2769 597 2795; x_wconf 79' lang='lat' dir='ltr'>uas,</span> <span class='ocrx_word' id='word_1_373' title='bbox 622 2758 691 2793; x_wconf 89' lang='grc' dir='ltr'>ΡΣ</span> <span class='ocrx_word' id='word_1_374' title='bbox 799 2759 944 2804; x_wconf 88' lang='lat' dir='ltr'>nimppe</span> <span class='ocrx_word' id='word_1_375' title='bbox 969 2760 995 2794; x_wconf 82' lang='grc' dir='ltr'><em>λ</em></span> <span class='ocrx_word' id='word_1_376' title='bbox 1021 2763 1039 2794; x_wconf 78' lang='lat' dir='ltr'>e</span> <span class='ocrx_word' id='word_1_377' title='bbox 1064 2759 1211 2805; x_wconf 87' lang='lat' dir='ltr'>nimphe</span> <span class='ocrx_word' id='word_1_378' title='bbox 1235 2759 1281 2794; x_wconf 91' lang='lat' dir='ltr'><strong><em>H</em></strong></span> <span class='ocrx_word' id='word_1_379' title='bbox 1385 2769 1450 2793; x_wconf 87' lang='lat' dir='ltr'>uas</span> <span class='ocrx_word' id='word_1_380' title='bbox 1475 2769 1543 2794; x_wconf 85' lang='lat' dir='ltr'>om.</span> <span class='ocrx_word' id='word_1_381' title='bbox 1567 2769 1593 2803; x_wconf 82' lang='grc' dir='ltr'><em>ς</em></span> <span class='ocrx_word' id='word_1_382' title='bbox 1700 2760 1741 2792; x_wconf 81' lang='lat' dir='ltr'>et</span> 
     </span>
     <span class='ocr_line' id='line_1_37' title="bbox 217 2816 1284 2863; baseline 0.003 -13"><span class='ocrx_word' id='word_1_383' title='bbox 217 2827 283 2850; x_wconf 88' lang='lat' dir='ltr'>om.</span> <span class='ocrx_word' id='word_1_384' title='bbox 310 2816 353 2851; x_wconf 92' lang='lat' dir='ltr'><strong><em>H</em></strong></span> <span class='ocrx_word' id='word_1_385' title='bbox 446 2817 565 2852; x_wconf 78' lang='lat' dir='ltr'>stribt.</span> <span class='ocrx_word' id='word_1_386' title='bbox 591 2817 668 2861; x_wconf 83' lang='lat' dir='ltr'>(sic)</span> <span class='ocrx_word' id='word_1_387' title='bbox 694 2821 807 2852; x_wconf 77' lang='lat' dir='ltr'>saner.</span> <span class='ocrx_word' id='word_1_388' title='bbox 832 2818 877 2852; x_wconf 92' lang='lat' dir='ltr'><strong><em>H</em></strong></span> <span class='ocrx_word' id='word_1_389' title='bbox 898 2819 1019 2863; x_wconf 89' lang='lat' dir='ltr'>script.</span> <span class='ocrx_word' id='word_1_390' title='bbox 1047 2829 1225 2854; x_wconf 83' lang='lat' dir='ltr'>sacrarum</span> <span class='ocrx_word' id='word_1_391' title='bbox 1251 2818 1284 2853; x_wconf 93' lang='grc' dir='ltr'><em>Σ</em></span> 
     </span>
    </p>
   </div>
   <div class='ocr_carea' id='block_1_5' title="bbox 1764 0 1884 3254">
    <p class='ocr_par' dir='ltr' id='par_1_5' title="bbox 1764 0 1884 3254">
     <span class='ocr_line' id='line_1_38' title="bbox 1764 0 1884 3254; baseline 0 0"><span class='ocrx_word' id='word_1_392' title='bbox 1764 0 1884 3254; x_wconf 95' lang='lat' dir='ltr'> </span> 
     </span>
    </p>
   </div>
  </div>
 </body>
</html>
