1884 3254
20 1073 57 1101 10

629 292 839 338 Epistula
863 291 948 329 LIII
975 292 1068 327 3-4
1528 294 1613 335 449

84 424 388 478 scripturarum
415 423 652 472 armarium.
680 422 891 477 pharisaei
917 423 1092 476 stupent
1111 421 1163 463 ad
1184 421 1414 464 doctrinam
1442 421 1614 472 domini,

83 495 289 536 mirantur
323 494 365 535 in
403 493 528 536 Petro
568 496 610 535 et
652 493 851 543 Iohanne,
892 492 1103 547 quomodo
1145 491 1283 548 legem
1330 492 1477 544 sciant,
1519 506 1614 535 cum

82 565 245 607 litteras
277 578 357 607 non
392 563 625 607 didicerint.
659 563 861 618 quicquid
893 564 1004 606 enim
1037 563 1131 605 aliis
1166 563 1406 606 exercitatio
1439 566 1480 606 et
1513 563 1615 606 coti-

83 635 205 677 diana
242 635 284 677 in
321 636 415 690 lege
453 634 672 677 meditatio
710 633 893 676 tribuere
933 633 1055 684 solet,
1099 633 1185 675 illis
1224 633 1398 687 spiritus
1442 636 1614 677 sanctus

83 707 354 762 suggerebat3
401 708 444 748 et
488 708 615 756 erant,
656 705 774 748 iuxta
818 705 930 760 quod
975 705 1179 759 scriptum
1224 707 1303 756 est,
1346 703 1612 748 θεοδίδακτοι.

82 777 303 820 duodecim
343 790 472 820 annos
517 777 704 820 saluator
746 777 984 831 inpleuerat
1021 779 1064 819 et
1106 777 1148 818 in
1192 776 1350 831 templo
1396 788 1518 818 senes
1563 776 1613 818 de

81 847 403 903 quaestionibus
446 848 556 903 legis
594 848 858 902 interrogans
898 847 1035 902 magis
1074 847 1210 897 docet,
1250 847 1351 888 dum
1388 846 1615 901 prudenter

80 920 326 975 interrogat.

138 993 178 1033 4.
208 990 303 1033 Nisi
334 991 441 1034 forte
472 990 682 1033 rusticum
714 990 903 1041 Petrum,
935 989 1143 1032 rusticum
1177 989 1358 1032 dicimus
1391 991 1434 1032 et
1463 989 1613 1031 Iohan-

80 1074 191 1114 nem,
230 1073 406 1114 quorum
441 1063 618 1116 uterque
651 1061 786 1104 dicere
825 1063 1012 1115 poterat:
1052 1061 1159 1103 etsi
1194 1059 1472 1114 inperitus
1512 1072 1612 1102 ser-

28 1137 32 1142 ”
79 1144 242 1183 mone,
283 1145 381 1175 non
419 1135 596 1175 tamen
637 1132 886 1175 scientia.
927 1132 1135 1174 Iohannes
1172 1131 1375 1182 rusticus,
1411 1131 1612 1185 piscator,

18 1426 54 1456 15

79 1203 306 1246 indoctus?
332 1206 375 1245 et
393 1203 503 1246 unde
523 1203 610 1254 illa,
638 1204 832 1246 obsecro:
859 1202 910 1245 in
936 1203 1208 1257 principio
1237 1205 1351 1244 erat
1376 1201 1611 1254 uerbum,

80 1276 132 1316 et
161 1274 382 1316 uerbum
415 1277 532 1316 erat
563 1274 700 1328 apud
742 1274 908 1324 deum,
949 1276 1000 1316 et
1038 1274 1168 1317 deus
1207 1276 1322 1316 erat
1359 1274 1612 1316 uerbum?

77 1344 198 1396 λόγος
223 1343 381 1388 Graece
408 1345 544 1387 multa
577 1345 789 1400 significat
808 1369 865 1375 —
886 1357 981 1386 nam
1009 1347 1051 1387 et
1076 1345 1254 1387 uerbum
1282 1347 1347 1387 est
1372 1347 1415 1386 et
1438 1345 1545 1387 ratio
1573 1346 1614 1387 et

79 1415 325 1470 supputatio
348 1418 390 1458 et
409 1428 538 1459 causa
556 1416 894 1473 uniuscuiusque
914 1416 973 1458 rei
995 1442 1038 1445 —
1056 1449 1064 1466 ,
1085 1429 1159 1470 per
1179 1429 1285 1470 quae
1305 1418 1406 1458 sunt
1432 1416 1612 1472 singula,

78 1499 184 1539 quae
215 1486 474 1538 subsistunt;
514 1499 620 1541 quae
651 1486 850 1529 uniuersa
886 1489 1000 1529 reete
1036 1487 1341 1542 intellegimus.
1379 1487 1459 1530 hoc
1491 1487 1613 1529 Plato

77 1557 274 1609 nesciuit,
299 1557 379 1600 hoc
398 1558 706 1600 Demosthenes
734 1558 934 1612 eloquens
960 1554 1187 1613 ignorauit.
1214 1558 1439 1612 perdam,
1465 1557 1615 1612 inquit,

80 1627 408 1682 sapientiam
442 1628 773 1682 sapientium
807 1631 861 1671 et
885 1629 1231 1684 prudentiam
1259 1629 1608 1684 prudentium

78 1699 389 1752 reprobabo.
417 1713 518 1742 uera
544 1700 751 1754 sapientia
776 1700 914 1754 perdit
938 1700 1089 1743 falsam
1116 1700 1366 1755 sapientiam
1393 1702 1448 1751 et,
1469 1713 1613 1754 quam-

203 1875 218 1908 1
249 1873 293 1908 cf.
319 1873 402 1910 Luc.
429 1874 462 1919 2,
488 1874 630 1909 47-48
687 1874 708 1907 2
735 1873 779 1909 cf.
806 1875 886 1910 Act.
912 1875 946 1919 4,
976 1874 1018 1910 13
1074 1876 1095 1910 5
1122 1874 1167 1910 cf.
1194 1874 1209 1908 1
1236 1874 1359 1910 Thess.
1386 1875 1419 1918 4,
1446 1876 1468 1910 9
1517 1875 1539 1910 6
1566 1874 1612 1910 cf.

82 1933 169 1969 Luc.
195 1933 228 1975 2,
253 1933 395 1968 42—48
471 1933 514 1968 10
542 1933 600 1968 *11
627 1932 707 1969 Cor.
737 1934 790 1978 11,
816 1934 838 1969 6
915 1934 957 1968 12
983 1933 1061 1969 Iob.
1091 1934 1121 1978 1,
1150 1935 1167 1968 1
1238 1934 1280 1968 17
1307 1933 1325 1968 Ι
1351 1933 1430 1970 Cor.
1459 1934 1491 1975 1,
1520 1934 1564 1969 19

136 2052 153 2085 1
182 2062 358 2086 armatum
383 2052 558 2087 Da.c.m2
584 2054 662 2087 erat
687 2053 878 2087 armarium
905 2052 936 2087 S
959 2053 1151 2089 armarium
1178 2055 1234 2088 est
1251 2064 1276 2097 ς
1365 2044 1402 2087 <Ti
1427 2052 1469 2087 H
1527 2053 1548 2087 2
1574 2055 1612 2088 et

79 2110 161 2145 mir.
175 2122 199 2155 g
248 2110 269 2145 3
284 2109 461 2156 quidquid
474 2111 614 2148 Σα.ν.1)
663 2112 751 2147 cott.
766 2111 842 2147 ΗΣ
851 2114 949 2157 quot.
963 2123 988 2156 g
1035 2112 1058 2147 4
1073 2112 1186 2147 sanct.
1200 2123 1252 2157 sp.
1267 2112 1302 2146 P
1348 2112 1369 2146 5
1383 2111 1483 2147 iuxta
1496 2122 1565 2147 om.
1582 2111 1612 2146 S

115 2169 388 2206 ETuAAKTOI
412 2170 452 2205 D
483 2168 857 2206 ΘΕΟΑΥΑΟΚΑΤΟΙ
883 2170 915 2206 S
943 2169 1212 2206 eteodidAKtui
1234 2171 1272 2205 P
1299 2171 1480 2206 ettuaktoi
1505 2171 1537 2206 Σ
1565 2163 1610 2206 do

80 2228 255 2266 docibiles
280 2230 304 2265 λ
330 2221 368 2264 di
394 2229 569 2265 docibiles
594 2229 639 2264 H
658 2227 662 2230 ’
701 2229 723 2265 6
749 2231 868 2276 senes]
894 2229 1023 2266 sedens
1043 2230 1111 2265 ΣΒ
1178 2231 1197 2264 7
1224 2230 1413 2276 questione
1439 2230 1484 2265 H
1505 2240 1611 2275 ques-

0 2286 4 2287 ⁷
81 2289 182 2325 sione
207 2290 231 2324 λ
362 2300 489 2335 magos
514 2289 557 2325 H
581 2289 636 2324 nir
660 2289 846 2324 studiosus
873 2293 911 2325 et
936 2290 1091 2335 sepiem,
1118 2290 1226 2325 etiam
1251 2290 1282 2324 si
1309 2289 1443 2326 discere
1470 2288 1610 2336 aliquid

79 2348 170 2393 uult,
195 2347 311 2394 magis
337 2349 373 2383 Γ
415 2349 436 2384 9
463 2351 501 2384 et
527 2351 569 2393 (ε.
591 2348 630 2395 l.)
654 2349 821 2384 ioannem
849 2348 918 2384 dic.
938 2350 962 2384 λ
1037 2348 1197 2384 dieamus
1217 2349 1248 2383 Σ
1318 2349 1355 2384 et
1378 2350 1403 2384 λ
1429 2350 1470 2392 (s.
1497 2348 1538 2395 l.)
1556 2347 1608 2387 H.

8 2440 11 2441 ⁷
80 2418 147 2443 om.
175 2411 237 2443 cet.
302 2407 346 2442 lo
371 2407 642 2454 dicere—rust]
669 2407 812 2444 dicatur
836 2408 888 2450 H,
915 2419 982 2444 om.
1008 2410 1033 2443 λ
1096 2408 1136 2443 11
1164 2408 1355 2443 scientiam
1380 2411 1429 2452 (m
1453 2408 1548 2454 exp.)
1573 2406 1610 2440 P

80 2467 247 2502 iohannis
272 2467 308 2502 P
404 2467 448 2502 12
474 2469 511 2502 et
535 2466 630 2503 unde
657 2472 675 2503 e
700 2468 746 2503 H
767 2467 862 2504 unde
889 2470 926 2503 et
950 2470 975 2504 λ
1070 2468 1135 2503 illa
1159 2470 1202 2512 i,;
1228 2468 1316 2503 add.
1342 2467 1404 2503 ioh
1430 2468 1544 2503 oratio
1569 2469 1615 2503 H

80 2538 148 2561 uox
174 2531 236 2562 eet.
360 2527 403 2562 14
426 2526 533 2572 logus
559 2528 584 2562 λ
608 2526 709 2562 locus
734 2527 794 2570 H;
821 2527 908 2563 add.
936 2528 1031 2563 enim
1054 2539 1079 2573 g
1111 2539 1115 2542 ⁴
1187 2529 1244 2563 est
1268 2537 1334 2563 om.
1363 2528 1394 2564 S
1505 2527 1611 2572 ratio]

82 2585 196 2621 oratio
223 2588 279 2621 est
304 2585 376 2632 (est
400 2596 467 2621 om.
495 2585 539 2630 S)
558 2586 632 2621 HS
678 2587 723 2621 15
748 2586 851 2632 subp.
877 2586 951 2621 ΗΣ
973 2587 1214 2633 suppositatio
1240 2586 1279 2621 D
1351 2587 1455 2621 unius
1482 2597 1550 2622 om.
1571 2585 1615 2620 H

18 2667 19 2670 =
83 2645 188 2690 quae]
215 2655 253 2690 q:
282 2647 341 2690 (=
363 2647 467 2691 quae)
485 2646 510 2680 λ
537 2656 604 2691 que
627 2645 670 2680 H
692 2656 784 2691 quae
810 2646 843 2680 Σ
865 2657 936 2691 qua
954 2646 994 2681 D
1020 2656 1126 2692 quam
1145 2645 1211 2681 ΡΒ
1260 2645 1303 2681 16
1329 2645 1552 2691 subiungunt
1570 2645 1615 2679 Η

13 2749 19 2753 ·
82 2706 181 2740 recta
205 2705 230 2739 λ
315 2704 431 2740 intell.
456 2706 501 2748 λς
525 2704 614 2740 add.
640 2705 678 2739 in
705 2705 772 2740 dno
799 2710 867 2751 xpo
894 2705 938 2740 H
960 2706 995 2740 in
1021 2709 1090 2751 xpo
1116 2709 1178 2741 cet.
1263 2705 1362 2750 plato
1389 2704 1459 2740 λΗ
1481 2703 1610 2739 doctus

6 2790 15 2799 .
83 2763 183 2809 plato
211 2767 272 2799 cet.
362 2765 405 2799 17
432 2764 679 2799 demosthenis
704 2765 741 2800 P
766 2764 1019 2800 demonstenes
1043 2764 1083 2800 D
1109 2764 1353 2800 demonstenis
1379 2763 1421 2799 H
1444 2763 1610 2799 dimosti-

83 2822 139 2857 nis
164 2824 189 2858 λ
310 2823 627 2869 eloquentissimus
653 2823 690 2859 P
796 2824 841 2859 18
869 2825 1073 2870 sapientum
1100 2823 1144 2868 S;
1171 2823 1257 2859 add.
1283 2822 1409 2868 inquid
1434 2822 1557 2868 (eras.)
1581 2822 1614 2857 Σ

85 2881 129 2917 19
155 2881 311 2928 reprob.]
340 2882 426 2918 add.
452 2882 598 2929 perdam
625 2882 751 2928 inquid
781 2886 904 2928 (eras.)
930 2885 955 2919 λ
1053 2882 1180 2929 perdet
1208 2881 1308 2917 SDS

122 2963 199 2990 mv.
222 2963 348 2992 Hieron.
369 2963 468 2998 Epist.
490 2964 514 2990 1.
1516 2952 1563 2988 29
