1884 3254
232 304 317 346 «530
777 301 928 336 Sancti
954 301 1211 347 Hieronymi

232 431 387 474 Christi
418 431 664 486 sanguinem
697 430 820 480 fudit,
851 429 925 471 sed
956 441 1082 483 quam
1108 429 1298 472 fluminis
1329 429 1514 484 impetus
1540 430 1752 482 laetificat,

231 514 336 556 quae
362 501 402 542 in
430 503 570 543 monte
597 500 681 543 sita
706 500 832 542 celari
857 512 939 542 non
965 501 1120 554 potest,
1153 512 1279 553 quam
1310 502 1485 543 matrem
1512 503 1751 544 sanctorum

231 571 446 626 apostolus
479 570 680 619 clamitat,
713 570 755 611 in
789 582 870 624 qua
903 582 946 612 se
978 569 1284 624 municipatum
1316 582 1413 612 cum
1443 570 1569 613 iustis
1600 571 1753 614 habere

229 642 421 684 laetatur.
833 652 859 657 *⁴

290 713 326 753 3.
357 711 504 765 Neque
538 722 635 753 uero
667 711 747 753 hoc
773 710 915 753 dicens
940 713 1098 752 memet
1121 710 1263 763 ipsum
1288 711 1591 754 inconstantiae
1616 712 1750 754 redar-
1779 725 1812 754 *⁵

232 795 314 837 guo
352 782 601 835 damnoque,
645 781 757 835 quod
793 781 916 831 facio,
958 783 1008 823 ut
1043 780 1199 823 frustra
1241 781 1387 823 uidear
1423 781 1474 822 ad
1518 782 1753 836 exemplum

230 852 440 894 Abraham
478 853 520 894 et
556 863 673 893 meos
711 853 754 893 et
792 851 970 906 patriam
1007 851 1243 905 reliquisse,
1287 852 1360 893 sed
1398 862 1478 894 non
1517 852 1651 895 audeo
1689 853 1756 896 dei

232 922 577 977 omnipotentiam
608 923 787 976 angusto
818 921 898 963 fine
931 922 1178 964 concludere
1212 923 1253 964 et
1284 925 1416 964 artare
1452 935 1582 976 paruo
1619 925 1754 966 terrae

229 995 336 1042 loco,
369 1006 492 1047 quem
525 1006 604 1036 non
638 992 750 1046 capit
781 992 958 1034 caelum.
1001 992 1156 1047 singuli
1190 992 1344 1047 quique
1376 993 1634 1036 credentium
1671 1006 1754 1036 non
1879 1051 1884 1054 Δ

229 1066 417 1107 locorum
450 1063 781 1115 diuersitatibus,
821 1062 894 1105 sed
931 1063 1030 1105 fidei
1066 1063 1215 1105 merito
1253 1063 1551 1118 ponderantur;
1585 1067 1627 1106 et
1662 1065 1755 1107 ueri
1777 1075 1814 1105 10

232 1135 470 1177 adoratores
494 1146 628 1188 neque
653 1127 959 1188 Hierosolymis
985 1146 1120 1187 neque
1150 1134 1192 1175 in
1218 1136 1359 1176 monte
1387 1133 1551 1177 Garizin
1584 1134 1758 1178 adorant

230 1207 404 1259 patrem,
443 1204 542 1258 quia
579 1203 682 1264 deus
724 1204 898 1257 spiritus
937 1205 1002 1246 est
1040 1205 1082 1245 et
1120 1204 1357 1246 adoratores
1396 1205 1487 1246 eius
1523 1205 1566 1247 in
1603 1205 1755 1260 spiritu

232 1279 275 1317 et
298 1275 478 1317 ueritate
503 1274 673 1316 adorare
700 1287 795 1316 eum
822 1276 1000 1327 oportet.
1025 1274 1201 1328 spiritus
1222 1277 1362 1316 autem
1384 1268 1527 1329 spirat,
1547 1275 1621 1318 ubi
1645 1277 1754 1318 uult.
1876 1321 1884 1339 ⁵

232 1346 417 1388 domini
438 1348 514 1387 est
532 1348 665 1387 terra
684 1348 732 1386 et
751 1345 1018 1399 plenitudo
1033 1345 1151 1387 eius
1165 1348 1392 1399 postquam
1406 1346 1563 1388 siccato
1575 1346 1756 1389 Iudaeae
1877 1347 1884 1405 3

230 1417 387 1459 uellere
418 1416 643 1458 uniuersus
677 1415 789 1457 orbis
821 1415 990 1458 caelesti
1022 1427 1113 1457 rore
1143 1415 1340 1473 perfusus
1373 1418 1439 1458 est
1469 1418 1511 1458 et
1541 1416 1666 1458 multi
1703 1417 1754 1459 de
1778 1426 1814 1456 15
1875 1407 1884 1452 Ῑ

233 1487 388 1530 oriente
414 1489 456 1528 et
481 1486 531 1528 de
558 1485 772 1528 occidente
797 1485 1013 1528 uenientes
1038 1486 1322 1528 recubuerunt
1345 1487 1387 1528 in
1413 1487 1508 1528 sinu
1527 1487 1754 1538 Abraham,

233 1558 358 1600 desiit
387 1559 512 1599 notus
545 1569 638 1599 esse
668 1558 832 1598 tantum
859 1556 900 1597 in
926 1555 1083 1598 Iudaea
1108 1557 1210 1599 deus
1238 1559 1279 1599 et
1303 1557 1345 1598 in
1371 1557 1532 1599 Israhel
1555 1570 1754 1612 magnum

233 1640 382 1670 nomen
425 1627 530 1678 eius,
575 1627 649 1669 sed
684 1627 726 1668 in
764 1640 929 1669 omnem
969 1630 1120 1669 terram
1159 1627 1258 1669 exiit
1301 1640 1429 1670 sonus
1467 1629 1754 1682 apostolorum

234 1701 275 1739 et
310 1698 352 1739 in
389 1697 493 1740 fines
531 1697 643 1739 orbis
680 1699 814 1739 terrae
851 1698 980 1739 uerba
1018 1710 1174 1740 eorum.
1212 1698 1399 1739 saluator
1436 1698 1487 1739 ad
1524 1697 1753 1752 discipulos

231 1769 422 1821 loquens,
461 1780 557 1810 cum
595 1770 708 1809 esset
742 1767 784 1809 in
822 1767 1000 1821 templo:
1047 1767 1273 1822 surgite,
1303 1768 1462 1826 inquit,
1501 1768 1811 1810 abeamuseo

234 1839 367 1889 hinc,
403 1839 527 1880 etad
556 1838 754 1880 Iudaeos:
789 1838 1131 1892 relinquetur
1163 1838 1319 1880 uobis
1352 1839 1536 1881 domus
1568 1842 1754 1881 uestra

355 2037 370 2069 1
399 2035 444 2071 cf.
469 2036 527 2071 ΡΒ.
553 2035 611 2076 45,
638 2036 659 2070 5
733 2035 755 2069 2
782 2034 824 2069 cf.
852 2035 983 2070 Matth.
1011 2036 1042 2080 5,
1072 2036 1115 2070 14
1213 2035 1257 2071 cf.
1283 2035 1362 2071 Gal.
1386 2036 1420 2078 4,
1440 2035 1485 2070 26
1552 2036 1575 2070 3
1595 2036 1637 2070 cf.
1655 2035 1750 2072 Phil.

234 2095 267 2138 3,
293 2094 338 2129 20
412 2095 431 2128 7
459 2093 501 2128 cf.
529 2092 618 2129 Gen.
646 2094 700 2136 12,
729 2094 745 2127 1
829 2094 870 2128 11
900 2094 944 2128 cf.
963 2094 1072 2129 Dent.
1095 2095 1150 2138 11,
1171 2094 1228 2129 29.
1249 2095 1305 2135 27,
1330 2094 1371 2128 12
1449 2094 1490 2129 13
1511 2093 1555 2129 cf.
1574 2094 1652 2129 Ioh.
1672 2095 1707 2138 3,
1729 2094 1752 2130 8

235 2153 278 2187 14
303 2152 362 2186 Ps.
388 2151 445 2194 23,
472 2152 489 2186 1
590 2151 632 2186 cf.
659 2151 762 2187 Iudd.
790 2152 823 2193 6,
850 2152 991 2188 36-40
1077 2153 1120 2187 16
1147 2152 1190 2187 cf.
1218 2152 1302 2188 Luc.
1331 2153 1386 2195 16,
1412 2152 1553 2188 22—23
1640 2153 1681 2188 17
1709 2151 1754 2188 cf.

233 2211 292 2245 Ps.
319 2211 374 2251 75,
402 2211 422 2244 2
498 2210 542 2244 18
568 2210 612 2245 cf.
637 2210 695 2244 Ps.
725 2210 778 2252 18,
806 2211 827 2244 5
901 2210 946 2246 20
974 2210 1073 2247 *10h.
1104 2211 1158 2255 14,
1185 2211 1227 2246 31
1302 2211 1345 2246 21
1372 2210 1503 2245 Matth.
1530 2211 1588 2256 23,
1612 2211 1658 2246 38

284 2350 300 2382 1
328 2349 414 2393 imp.
440 2349 523 2384 laet.
550 2349 583 2383 fl.
610 2349 670 2384 Dk
748 2349 948 2385 laetificant
977 2351 1009 2384 Φ
1081 2351 1102 2385 3
1129 2350 1373 2395 apostolorum
1399 2350 1438 2384 D
1513 2350 1596 2385 laet.
1622 2350 1706 2385 hab.
1729 2362 1755 2395 ς

235 2407 255 2441 5
281 2418 364 2442 uero
391 2418 458 2442 om.
485 2408 508 2442 k
637 2409 726 2443 haec
755 2410 787 2442 Φ
911 2409 1168 2454 memedipsum
1193 2408 1310 2444 DNB
1451 2409 1695 2444 inconstanter
1718 2409 1754 2443 B

235 2467 256 2501 6
283 2465 378 2511 quod
403 2477 469 2501 om⁴
498 2467 519 2500 k
592 2468 610 2501 7
639 2470 675 2502 et
699 2468 807 2512 patn]
835 2468 1058 2513 patriamque
1084 2468 1119 2502 Β
1191 2468 1212 2502 8
1239 2470 1419 2502 coarctare
1436 2479 1461 2512 g
1534 2467 1578 2503 10
1603 2467 1752 2502 diuersi-

234 2528 311 2560 tate
338 2526 371 2559 Γ
429 2526 467 2559 11
489 2536 549 2569 pr.
575 2527 706 2570 neque]
728 2526 820 2561 add.
847 2526 883 2560 in
908 2526 945 2561 P
1016 2526 1258 2561 hierosolimis
1283 2526 1341 2561 Pk
1364 2526 1612 2572 hierusolymis
1637 2526 1758 2562 ΒΦΝ

235 2583 472 2618 iherosolimis
499 2584 533 2618 B
689 2585 834 2629 garizim
861 2585 897 2619 P
920 2585 1055 2630 garitin
1081 2584 1121 2619 D
1146 2584 1258 2629 garizi
1287 2585 1319 2618 Φ
1343 2585 1478 2629 gazirin
1502 2584 1547 2619 N
1667 2584 1752 2619 ado-

235 2642 365 2676 rabunt
383 2641 405 2676 k
456 2642 500 2676 13
526 2653 605 2677 eum
631 2653 697 2677 om.
717 2654 742 2686 g
794 2643 835 2677 16
863 2642 906 2677 de
931 2643 977 2685 P,
1003 2654 1071 2678 om.
1098 2646 1162 2678 cet.
1235 2642 1464 2678 recubuerint
1492 2643 1524 2677 Φ
1595 2642 1751 2678 abrahae

238 2701 381 2735 destitit
406 2701 509 2736 codd.
529 2705 679 2746 praeter
704 2702 777 2736 ΡΦ
850 2702 893 2736 18
920 2701 982 2736 sed
1010 2705 1046 2736 et
1070 2702 1132 2736 ch
1228 2702 1323 2736 omni
1349 2704 1445 2736 terra
1470 2701 1506 2735 B
1602 2702 1713 2736 exiuit
1729 2712 1754 2746 ς

236 2761 351 2802 apost.
378 2770 452 2793 son.
479 2759 577 2793 DJeB
602 2771 678 2795 sou.
706 2770 826 2794 eorum
856 2759 1008 2804 apostul.
1040 2760 1072 2793 Φ
1152 2759 1194 2794 19
1219 2759 1300 2793 finis
1330 2759 1362 2792 Φ
1479 2762 1651 2794 terrarum
1677 2759 1753 2794 NB

237 2816 337 2860 dise!
372 2817 457 2852 add.
493 2829 575 2852 suos
607 2818 710 2853 codd.
736 2821 885 2862 praeter
909 2818 980 2852 ΡΦ
1123 2818 1169 2853 20
1193 2817 1389 2852 habeamus
1415 2817 1600 2852 Da.c.NB
1630 2828 1752 2852 eamus

236 2875 400 2918 Βρ.ε.Φ1ι·
473 2876 514 2910 21
544 2877 761 2921 relinquitur
790 2877 822 2910 Φ
919 2875 1022 2911 uobis
1048 2887 1114 2911 om.
1142 2877 1164 2910 k
