1940 3260
277 297 361 339 686
818 292 975 328 Sancti
999 291 1256 338 Hieronymi

216 429 240 463 4
278 427 486 479 rumpet
528 422 685 466 illum
731 422 873 464 deus.
919 421 1071 473 omnia,
1113 421 1266 476 inquit,
1309 421 1430 464 nobis
1467 421 1510 463 in
1547 421 1801 476 baptismate
1867 456 1870 459 .

277 495 509 538 condonata
534 495 633 551 synt
659 493 830 535 crimina
855 517 913 523 —
937 504 1014 534 nec
1038 494 1136 548 post
1158 492 1464 548 indulgentiam
1488 491 1642 534 iudicis
1666 492 1801 533 metu-

277 566 380 608 enda
411 564 614 607 seueritas
646 564 810 606 dicente
843 563 1052 618 apostolo:
1085 563 1301 606 ethaeo
1338 563 1552 618 quidem
1588 562 1798 612 fuis-tis,

277 636 368 679 sed
406 635 585 677 abluti
626 633 780 683 estis,
820 634 911 676 sed
949 634 1298 676 sanctificati
1330 634 1483 685 estis,
1524 633 1615 675 sed
1645 633 1799 676 iusti·

277 706 436 748 ficati
476 706 614 748 estis
651 705 703 746 in
741 705 952 747 nomine
992 704 1193 747 domini
1224 704 1399 747 nostri
1430 703 1556 747 Iesu
1588 698 1798 747 Christi
1838 714 1890 743 ⁵·

278 779 328 818 et
353 776 403 817 in
430 776 632 830 spiritu
658 775 742 817 dei
767 775 942 817 nostri
962 799 1034 826 -—,‚
1056 775 1160 817 bene
1187 777 1230 817 et
1254 774 1436 817 fideliter
1461 774 1706 817 condonata.
1723 774 1801 816 sed

279 859 450 900 quaero:
489 846 701 901 quomodo
738 848 836 888 tuae
876 846 1020 889 sordes
1057 846 1169 889 lotae
1207 847 1307 888 sunt
1343 848 1386 888 et
1421 858 1538 888 meae
1568 844 1800 888 munditiae

219 922 239 955 5
278 917 541 960 sordidatae?
585 922 679 960 ‘non
717 917 839 967 dicon
885 917 959 968 ais,
1004 910 1267 969 ‘sordidat-is,
1311 917 1384 959 sed
1419 916 1462 958 in
1501 916 1648 959 eodem
1685 917 1801 958 statu

277 988 498 1039 mansisse,
537 1000 617 1042 quo
655 989 839 1038 fuerant;
879 988 916 1030 si
955 987 1066 1030 enim
1104 987 1248 1030 sordes
1285 988 1479 1038 fuissent,
1510 987 1625 1030 lotae
1653 983 1801 1041 utique
1895 1036 1899 1038 ,

229 1081 231 1084 <
278 1061 419 1102 essent
453 1061 502 1101 ut
538 1064 683 1101 meae’.
720 1071 836 1115 rogo,
875 1071 980 1112 quae
1014 1046 1079 1101 est
1107 1059 1192 1101 ista
1223 1058 1518 1114 tergiuersatio
1550 1060 1594 1101 et
1623 1049 1799 1101 acumen
1825 1067 1861 1096 10
1904 1059 1908 1098 J

278 1128 390 1171 omni
419 1128 581 1183 pistillo
607 1128 842 1171 retunsius:
875 1129 974 1182 quia
997 1141 1079 1171 non
1107 1131 1172 1171 est
1197 1131 1430 1183 peccatum,
1461 1130 1685 1183 peccatum
1715 1130 1800 1179 θεῖς

278 1200 377 1254 quia
411 1211 492 1241 non
531 1202 597 1242 est
634 1199 863 1249 sordidum,
902 1199 1119 1241 sordidum
1157 1202 1250 1242 est?
1288 1212 1367 1242 non
1399 1198 1563 1242 dimisit
1592 1198 1800 1250 dominns,

278 1270 375 1324 quia
405 1282 484 1312 non
516 1270 677 1322 habuit,
712 1270 823 1325 quod
856 1270 1106 1321 dimitteret;
1140 1273 1183 1313 et
1208 1271 1306 1324 quia
1330 1282 1411 1314 non
1438 1270 1612 1322 dimisit,
1643 1270 1799 1313 idcirco

277 1343 430 1392 manet,
464 1341 575 1395 quod
609 1354 689 1384 non
720 1341 830 1384 fuit?
1438 1356 1440 1359 ’
1499 1335 1502 1339 ’
1771 1336 1774 1340 ’

337 1412 376 1453 5.
415 1410 624 1463 Quantam
666 1411 755 1454 uim
798 1411 951 1453 habeat
993 1411 1250 1466 baptismum
1295 1414 1338 1454 et
1380 1406 1510 1466 aquae
1553 1412 1595 1453 in
1634 1411 1801 1454 Christo
1826 1419 1865 1451 ιε·

278 1481 559 1524 sanctificatae
609 1482 788 1537 gratiam
837 1483 1058 1536 paululum
1107 1484 1207 1537 post
1249 1482 1425 1533 docebo;
1476 1482 1659 1525 interim.
1689 1481 1803 1524 iuxta

278 1551 450 1606 uulgare
493 1552 763 1606 prouerbium
800 1552 917 1594 malo>
950 1553 1108 1595 arboris
1146 1553 1253 1595 nodo
1292 1553 1430 1595 malus
1469 1566 1628 1596 cuneus
1664 1553 1803 1608 requi·

277 1622 430 1664 rendus
457 1625 532 1665 est
564 1623 658 1674 hoc,
693 1623 802 1677 quod
831 1623 934 1665 dicit
964 1624 1126 1666 unius
1158 1624 1341 1667 uxoris
1372 1625 1560 1676 uirum,
1591 1626 1737 1678 potest
1760 1627 1804 1668 et

278 1692 399 1735 aliter
429 1692 591 1736 disseri.
625 1705 673 1735 ex
698 1693 864 1736 Iudaeis
898 1697 986 1736 erat
1012 1696 1243 1749 apostolus,
1276 1695 1411 1750 prima
1437 1694 1593 1738 Christi
1625 1695 1804 1739 ecclesia
1854 1739 1864 1746 ,

217 1771 239 1805 2
279 1763 327 1805 de
351 1763 514 1805 Israhel
538 1764 728 1818 reliquiis
755 1764 994 1819 cogebatur.
1022 1765 1183 1808 sciebat
1206 1766 1300 1820 lege
1326 1778 1585 1810 concessum.
1612 1767 1801 1822 exemplo
1826 1772 1864 1802 ²⁰
1899 1746 1923 1798 4

277 1833 606 1887 patriarcharum
650 1846 697 1876 ac
738 1834 879 1889 Moysi
922 1835 1126 1878 familiare
1169 1837 1326 1891 populo
1364 1839 1539 1880 nouerat
1573 1836 1616 1878 in
1654 1837 1802 1880 multis

398 2030 418 2065 3
445 2029 483 2063 *1
510 2030 588 2065 Cor.
616 2032 650 2075 6,
679 2031 719 2066 11
798 2031 840 2066 18
866 2031 884 2066 Ι
910 2032 1001 2068 Tim.
1028 2034 1059 2075 3,
1088 2033 1109 2066 ‘2

327 2169 347 2203 2
373 2168 503 2204 iudicis
530 2172 585 2204 est
609 2181 633 2214 g
728 2171 751 2205 4
777 2173 834 2205 set
858 2170 990 2215 ubique
1022 2171 1071 2206 W
1176 2172 1332 2207 ablunti
1364 2172 1411 2207 W
1522 2173 1588 2208 alt.
1615 2173 1806 2208 sed—tert.

280 2227 381 2272 estis]
413 2227 477 2263 sed
506 2228 696 2264 iustificati
729 2230 827 2274 estis,
861 2230 924 2264 sed
956 2230 1172 2267 sanctificati
1204 2232 1291 2266 estis
1317 2231 1351 2266 L
1378 2234 1414 2267 et
1446 2232 1633 2268 iustificati
1659 2233 1748 2267 cetis
1772 2233 1809 2267 B

280 2285 343 2320 sed
369 2287 584 2322 sanctificati
611 2289 697 2322 estis
724 2289 792 2323 ΣΙ)
865 2290 887 2323 5
912 2290 1027 2324 nostri
1053 2301 1120 2325 om.
1140 2290 1216 2325 DB
1287 2291 1309 2325 6
1334 2293 1456 2326 nostre
1486 2290 1551 2334 W,·
1577 2290 1663 2327 add.
1688 2291 1809 2327 omnia

279 2347 426 2389 peccata
456 2345 590 2380 donata
615 2349 698 2381 sunt
721 2359 746 2392 g
843 2348 1045 2384 condonata
1070 2359 1138 2384 om.
1163 2360 1188 2394 ς
1284 2352 1341 2385 set
1370 2349 1421 2384 W
1500 2350 1521 2385 7
1548 2352 1634 2385 sunt
1663 2349 1715 2384 W
1734 2349 1809 2385 sint

280 2406 343 2438 cet.
485 2404 507 2438 8
533 2405 856 2441 non—sordidatas
887 2407 928 2442 in
959 2418 1026 2452 my.
1053 2408 1091 2452 Σ,
1123 2418 1189 2443 om.
1216 2408 1250 2442 L
1394 2419 1455 2454 ays
1482 2409 1534 2451 B;
1567 2409 1654 2446 add.
1678 2411 1761 2444 tuas
1784 2419 1810 2453 ς

280 2461 463 2497 sordidato
490 2466 521 2504 (s
549 2463 635 2499 add.
661 2475 688 2500 8.
717 2465 740 2501 l.
764 2467 840 2507 m2)
867 2466 903 2500 B
999 2466 1078 2512 sed]
1103 2477 1163 2502 sex
1188 2467 1222 2502 L
1295 2468 1316 2502 9
1345 2467 1441 2513 quod
1467 2467 1518 2502 W
1608 2467 1753 2503 fuerunt
1770 2466 1810 2502 D

283 2519 326 2554 10
351 2522 472 2556 essent
501 2521 552 2555 W
574 2521 727 2558 fuissent
753 2527 814 2558 cet.
937 2527 978 2559 ut
1003 2535 1047 2560 ex
1072 2527 1109 2560 et
1132 2536 1159 2560 s.
1186 2526 1208 2561 l.
1235 2526 1275 2570 Σ,
1301 2537 1370 2563 om.
1396 2526 1431 2561 L
1542 2527 1582 2561 11
1611 2526 1749 2572 pugillo
1774 2525 1808 2560 L

280 2579 435 2614 retusius
458 2591 483 2625 ς
556 2582 600 2616 12
622 2593 679 2626 pr.
706 2582 840 2617 sordidi
867 2583 971 2620 L'a.c.
1062 2585 1105 2620 13
1124 2595 1184 2629 pr.
1213 2585 1309 2631 quial
1338 2585 1399 2631 qui
1424 2585 1459 2620 L
1556 2585 1738 2621 dimittere
1762 2585 1814 2620 W

281 2638 345 2672 ale.
373 2638 470 2683 quia]
499 2639 595 2685 quod
614 2641 683 2675 LE
798 2642 842 2677 14
869 2642 982 2688 quod]
1008 2644 1092 2688 quia
1111 2643 1157 2686 Σ;
1183 2643 1270 2679 add.
1299 2643 1485 2679 dimissum
1509 2655 1534 2690 ς
1625 2645 1668 2680 15
1693 2647 1807 2691 quan—

280 2699 357 2731 tum
388 2696 437 2732 W
504 2698 723 2735 babtismum
755 2700 805 2735 W
824 2701 1007 2748 baptisma
1031 2706 1093 2738 cet.
1174 2714 1268 2748 aqua
1293 2703 1532 2739 La.c.m2ZD
1605 2703 1649 2739 16
1674 2703 1808 2739 saneti-

280 2754 386 2789 ficata
409 2767 434 2800 g
530 2758 682 2802 gratiam
710 2759 780 2794 LB
805 2761 944 2805 gratiae
971 2765 1033 2796 cet.
1108 2761 1151 2796 17
1177 2762 1327 2806 malae(-
1313 2763 1363 2808 e-)
1390 2763 1460 2798 ΣΙ)
1534 2763 1577 2798 18
1603 2763 1674 2808 est]
1697 2762 1747 2798 sit
1770 2761 1810 2797 D

281 2815 319 2846 et
348 2812 405 2857 W,
431 2825 497 2850 onz.
525 2819 586 2850 cet.
714 2817 758 2852 20
785 2817 943 2853 hisrahel
968 2819 1115 2864 reliquis
1146 2819 1198 2854 W
1315 2821 1510 2866 cogebatur
1540 2820 1592 2856 W
1612 2830 1807 2867 congrega-

280 2870 387 2905 batur
411 2876 473 2907 σει.
571 2885 776 2910 concessum
803 2879 838 2911 et
864 2877 967 2912 codd.
987 2881 1137 2922 praeter
1168 2878 1218 2912 W
1287 2879 1328 2912 21
1357 2879 1462 2914 moisi
1487 2880 1523 2915 B
