<?xml version="1.0" encoding="UTF-8"?>
<!DOCTYPE html PUBLIC "-//W3C//DTD XHTML 1.0 Transitional//EN"
    "http://www.w3.org/TR/xhtml1/DTD/xhtml1-transitional.dtd">
<html xmlns="http://www.w3.org/1999/xhtml" xml:lang="en" lang="en">
 <head>
  <title>
</title>
<meta http-equiv="Content-Type" content="text/html;charset=utf-8" />
  <meta name='ocr-system' content='tesseract 3.04.00' />
  <meta name='ocr-capabilities' content='ocr_page ocr_carea ocr_par ocr_line ocrx_word'/>
</head>
<body>
  <div class='ocr_page' id='page_1' title='image "./corpusscriptorum54stuoft_0467.png"; bbox 0 0 1884 3254; ppageno 0'>
   <div class='ocr_carea' id='block_1_1' title="bbox 670 284 1648 330">
    <p class='ocr_par' dir='ltr' id='par_1_1' title="bbox 670 284 1648 330">
     <span class='ocr_line' id='line_1_1' title="bbox 670 284 1648 330; baseline 0.011 -11"><span class='ocrx_word' id='word_1_1' title='bbox 670 284 877 330; x_wconf 84' lang='lat' dir='ltr'>Epistula</span> <span class='ocrx_word' id='word_1_2' title='bbox 901 284 986 319; x_wconf 89' lang='lat' dir='ltr'>LIII</span> <span class='ocrx_word' id='word_1_3' title='bbox 1012 285 1104 320; x_wconf 84' lang='lat'><strong>5—7</strong></span> <span class='ocrx_word' id='word_1_4' title='bbox 1567 289 1648 330; x_wconf 81' lang='lat'><strong>453</strong></span> 
     </span>
    </p>
   </div>
   <div class='ocr_carea' id='block_1_2' title="bbox 182 410 1648 682">
    <p class='ocr_par' dir='ltr' id='par_1_2' title="bbox 182 410 1648 682">
     <span class='ocr_line' id='line_1_2' title="bbox 505 410 1464 473; baseline 0.002 -18"><span class='ocrx_word' id='word_1_5' title='bbox 505 470 510 473; x_wconf 75' lang='lat'><strong>.</strong></span> <span class='ocrx_word' id='word_1_6' title='bbox 836 410 972 468; x_wconf 89' lang='lat' dir='ltr'><strong>quod</strong></span> <span class='ocrx_word' id='word_1_7' title='bbox 1005 414 1334 457; x_wconf 91' lang='lat' dir='ltr'><strong>medicorum</strong></span> <span class='ocrx_word' id='word_1_8' title='bbox 1367 417 1464 465; x_wconf 81' lang='lat' dir='ltr'><strong>est,</strong></span> 
     </span>
     <span class='ocr_line' id='line_1_3' title="bbox 182 484 1477 540; baseline 0.002 -13"><span class='ocrx_word' id='word_1_9' title='bbox 182 485 512 540; x_wconf 89' lang='lat' dir='ltr'><strong>promittunt</strong></span> <span class='ocrx_word' id='word_1_10' title='bbox 543 484 753 536; x_wconf 88' lang='lat' dir='ltr'><strong>medici,</strong></span> <span class='ocrx_word' id='word_1_11' title='bbox 786 487 1032 527; x_wconf 87' lang='lat' dir='ltr'><strong>tractant</strong></span> <span class='ocrx_word' id='word_1_12' title='bbox 1065 485 1289 528; x_wconf 87' lang='lat' dir='ltr'>fabrilia</span> <span class='ocrx_word' id='word_1_13' title='bbox 1321 486 1477 529; x_wconf 85' lang='lat' dir='ltr'><strong>fabri.</strong></span> 
     </span>
     <span class='ocr_line' id='line_1_4' title="bbox 184 555 1648 610; baseline 0.001 -12"><span class='ocrx_word' id='word_1_14' title='bbox 184 557 219 598; x_wconf 92' lang='lat'><strong>7.</strong></span> <span class='ocrx_word' id='word_1_15' title='bbox 235 555 335 598; x_wconf 84' lang='lat' dir='ltr'><strong>Sola</strong></span> <span class='ocrx_word' id='word_1_16' title='bbox 348 555 651 610; x_wconf 87' lang='lat' dir='ltr'><strong>scripturarum</strong></span> <span class='ocrx_word' id='word_1_17' title='bbox 666 567 732 597; x_wconf 89' lang='lat' dir='ltr'><strong>ars</strong></span> <span class='ocrx_word' id='word_1_18' title='bbox 748 557 826 605; x_wconf 83' lang='lat' dir='ltr'><strong>est,</strong></span> <span class='ocrx_word' id='word_1_19' title='bbox 843 568 967 609; x_wconf 88' lang='lat' dir='ltr'><strong>quam</strong></span> <span class='ocrx_word' id='word_1_20' title='bbox 983 555 1065 598; x_wconf 89' lang='lat' dir='ltr'>sibi</span> <span class='ocrx_word' id='word_1_21' title='bbox 1079 568 1223 598; x_wconf 89' lang='lat' dir='ltr'><strong>omnes</strong></span> <span class='ocrx_word' id='word_1_22' title='bbox 1237 556 1396 610; x_wconf 88' lang='lat' dir='ltr'><strong>passim</strong></span> <span class='ocrx_word' id='word_1_23' title='bbox 1415 557 1648 600; x_wconf 88' lang='lat' dir='ltr'><strong>uindicent:</strong></span> 
     </span>
     <span class='ocr_line' id='line_1_5' title="bbox 182 625 1533 682; baseline 0.001 -13"><span class='ocrx_word' id='word_1_24' title='bbox 182 626 476 669; x_wconf 80' lang='lat' dir='ltr'><strong>scribimus</strong></span> <span class='ocrx_word' id='word_1_25' title='bbox 510 625 720 668; x_wconf 88' lang='lat' dir='ltr'><strong>indocti</strong></span> <span class='ocrx_word' id='word_1_26' title='bbox 748 626 1005 680; x_wconf 89' lang='lat' dir='ltr'><strong>doctique</strong></span> <span class='ocrx_word' id='word_1_27' title='bbox 1038 629 1285 680; x_wconf 78' lang='lat' dir='ltr'>poemata</span> <span class='ocrx_word' id='word_1_28' title='bbox 1316 627 1533 682; x_wconf 90' lang='lat' dir='ltr'><strong>passim.</strong></span> 
     </span>
    </p>
   </div>
   <div class='ocr_carea' id='block_1_3' title="bbox 80 696 1650 752">
    <p class='ocr_par' dir='ltr' id='par_1_3' title="bbox 80 696 1650 752">
     <span class='ocr_line' id='line_1_6' title="bbox 80 696 1650 752; baseline 0.003 -14"><span class='ocrx_word' id='word_1_29' title='bbox 80 699 225 740; x_wconf 75' lang='lat' dir='ltr'><strong>ohanc</strong></span> <span class='ocrx_word' id='word_1_30' title='bbox 280 697 447 752; x_wconf 86' lang='lat' dir='ltr'><strong>garrula</strong></span> <span class='ocrx_word' id='word_1_31' title='bbox 507 709 625 747; x_wconf 88' lang='lat' dir='ltr'><strong>anus,</strong></span> <span class='ocrx_word' id='word_1_32' title='bbox 688 696 793 738; x_wconf 90' lang='lat' dir='ltr'><strong>hanc</strong></span> <span class='ocrx_word' id='word_1_33' title='bbox 850 697 1009 739; x_wconf 88' lang='lat' dir='ltr'><strong>delirus</strong></span> <span class='ocrx_word' id='word_1_34' title='bbox 1066 710 1202 749; x_wconf 81' lang='lat' dir='ltr'>senex,</span> <span class='ocrx_word' id='word_1_35' title='bbox 1259 698 1366 740; x_wconf 88' lang='lat' dir='ltr'><strong>hanc</strong></span> <span class='ocrx_word' id='word_1_36' title='bbox 1423 698 1650 742; x_wconf 84' lang='lat' dir='ltr'><strong>soloecista</strong></span> 
     </span>
    </p>
   </div>
   <div class='ocr_carea' id='block_1_4' title="bbox 60 1064 95 1092">
    <p class='ocr_par' dir='ltr' id='par_1_4' title="bbox 60 1064 95 1092">
     <span class='ocr_line' id='line_1_7' title="bbox 60 1064 95 1092; baseline 0 0"><span class='ocrx_word' id='word_1_37' title='bbox 60 1064 95 1092; x_wconf 83' lang='lat'><strong>10</strong></span> 
     </span>
    </p>
   </div>
   <div class='ocr_carea' id='block_1_5' title="bbox 59 1419 95 1446">
    <p class='ocr_par' dir='ltr' id='par_1_5' title="bbox 59 1419 95 1446">
     <span class='ocr_line' id='line_1_8' title="bbox 59 1419 95 1446; baseline 0 0"><span class='ocrx_word' id='word_1_38' title='bbox 59 1419 95 1446; x_wconf 81' lang='grc'><strong>15</strong></span> 
     </span>
    </p>
   </div>
   <div class='ocr_carea' id='block_1_6' title="bbox 117 768 1649 1604">
    <p class='ocr_par' dir='ltr' id='par_1_6' title="bbox 117 768 1649 1604">
     <span class='ocr_line' id='line_1_9' title="bbox 120 768 1644 822; baseline 0.001 -12"><span class='ocrx_word' id='word_1_39' title='bbox 120 768 338 819; x_wconf 86' lang='lat' dir='ltr'><strong>uerbosus,</strong></span> <span class='ocrx_word' id='word_1_40' title='bbox 377 769 483 810; x_wconf 87' lang='lat' dir='ltr'><strong>hanc</strong></span> <span class='ocrx_word' id='word_1_41' title='bbox 520 768 709 810; x_wconf 91' lang='lat' dir='ltr'><strong>uniuersi</strong></span> <span class='ocrx_word' id='word_1_42' title='bbox 748 771 1036 822; x_wconf 79' lang='lat' dir='ltr'><strong>praesumunt,</strong></span> <span class='ocrx_word' id='word_1_43' title='bbox 1080 769 1279 820; x_wconf 88' lang='lat' dir='ltr'><strong>lacerant,</strong></span> <span class='ocrx_word' id='word_1_44' title='bbox 1325 769 1491 820; x_wconf 81' lang='lat' dir='ltr'>docent,</span> <span class='ocrx_word' id='word_1_45' title='bbox 1536 773 1644 812; x_wconf 88' lang='lat' dir='ltr'><strong>ante-</strong></span> 
     </span>
     <span class='ocr_line' id='line_1_10' title="bbox 121 838 1648 894; baseline 0.001 -12"><span class='ocrx_word' id='word_1_46' title='bbox 121 853 245 894; x_wconf 89' lang='lat' dir='ltr'><strong>quam</strong></span> <span class='ocrx_word' id='word_1_47' title='bbox 272 839 447 882; x_wconf 91' lang='lat' dir='ltr'><strong>discant.</strong></span> <span class='ocrx_word' id='word_1_48' title='bbox 473 838 545 880; x_wconf 89' lang='lat' dir='ltr'><strong>alii</strong></span> <span class='ocrx_word' id='word_1_49' title='bbox 570 838 752 881; x_wconf 89' lang='lat' dir='ltr'><strong>adducto</strong></span> <span class='ocrx_word' id='word_1_50' title='bbox 785 839 1012 893; x_wconf 86' lang='lat' dir='ltr'><strong>supercilio</strong></span> <span class='ocrx_word' id='word_1_51' title='bbox 1039 839 1212 894; x_wconf 82' lang='lat' dir='ltr'><strong>grandia</strong></span> <span class='ocrx_word' id='word_1_52' title='bbox 1237 840 1367 882; x_wconf 89' lang='lat' dir='ltr'><strong>uerba</strong></span> <span class='ocrx_word' id='word_1_53' title='bbox 1394 841 1648 883; x_wconf 74' lang='lat' dir='ltr'><strong>trutinantes</strong></span> 
     </span>
     <span class='ocr_line' id='line_1_11' title="bbox 118 909 1649 965; baseline 0.001 -12"><span class='ocrx_word' id='word_1_54' title='bbox 118 911 226 953; x_wconf 89' lang='lat' dir='ltr'><strong>inter</strong></span> <span class='ocrx_word' id='word_1_55' title='bbox 257 909 528 952; x_wconf 88' lang='lat' dir='ltr'><strong>mulierculas</strong></span> <span class='ocrx_word' id='word_1_56' title='bbox 561 909 611 951; x_wconf 92' lang='lat' dir='ltr'><strong>de</strong></span> <span class='ocrx_word' id='word_1_57' title='bbox 638 910 767 952; x_wconf 89' lang='lat' dir='ltr'><strong>sacris</strong></span> <span class='ocrx_word' id='word_1_58' title='bbox 793 909 946 953; x_wconf 85' lang='lat' dir='ltr'><strong>litteris</strong></span> <span class='ocrx_word' id='word_1_59' title='bbox 980 910 1344 965; x_wconf 87' lang='lat' dir='ltr'><strong>philosophantur,</strong></span> <span class='ocrx_word' id='word_1_60' title='bbox 1377 911 1448 953; x_wconf 89' lang='lat' dir='ltr'><strong>alii</strong></span> <span class='ocrx_word' id='word_1_61' title='bbox 1480 911 1649 954; x_wconf 88' lang='lat' dir='ltr'><strong>discunt</strong></span> 
     </span>
     <span class='ocr_line' id='line_1_12' title="bbox 120 980 1647 1037; baseline 0.001 -14"><span class='ocrx_word' id='word_1_62' title='bbox 120 1007 176 1011; x_wconf 97' lang='lat'><strong>—</strong></span> <span class='ocrx_word' id='word_1_63' title='bbox 201 995 275 1036; x_wconf 91' lang='lat' dir='ltr'><strong>pro</strong></span> <span class='ocrx_word' id='word_1_64' title='bbox 307 981 460 1035; x_wconf 79' lang='lat' dir='ltr'><strong>pudor!</strong></span> <span class='ocrx_word' id='word_1_65' title='bbox 488 1006 546 1011; x_wconf 90' lang='lat'><strong>—</strong></span> <span class='ocrx_word' id='word_1_66' title='bbox 572 994 595 1022; x_wconf 88' lang='lat' dir='ltr'><strong>a</strong></span> <span class='ocrx_word' id='word_1_67' title='bbox 620 981 804 1032; x_wconf 79' lang='lat' dir='ltr'><strong>feminis,</strong></span> <span class='ocrx_word' id='word_1_68' title='bbox 833 980 945 1035; x_wconf 92' lang='lat' dir='ltr'><strong>quod</strong></span> <span class='ocrx_word' id='word_1_69' title='bbox 970 981 1086 1024; x_wconf 91' lang='lat' dir='ltr'><strong>uiros</strong></span> <span class='ocrx_word' id='word_1_70' title='bbox 1112 981 1302 1033; x_wconf 84' lang='lat' dir='ltr'><strong>doceant,</strong></span> <span class='ocrx_word' id='word_1_71' title='bbox 1329 984 1384 1034; x_wconf 90' lang='lat' dir='ltr'><strong>et,</strong></span> <span class='ocrx_word' id='word_1_72' title='bbox 1416 994 1468 1024; x_wconf 90' lang='lat' dir='ltr'><strong>ne</strong></span> <span class='ocrx_word' id='word_1_73' title='bbox 1498 995 1647 1037; x_wconf 90' lang='lat' dir='ltr'><strong>parum</strong></span> 
     </span>
     <span class='ocr_line' id='line_1_13' title="bbox 120 1052 1649 1107; baseline 0.001 -12"><span class='ocrx_word' id='word_1_74' title='bbox 120 1053 199 1095; x_wconf 89' lang='lat' dir='ltr'><strong>hoc</strong></span> <span class='ocrx_word' id='word_1_75' title='bbox 231 1053 300 1103; x_wconf 83' lang='lat' dir='ltr'><strong>sit,</strong></span> <span class='ocrx_word' id='word_1_76' title='bbox 333 1052 513 1107; x_wconf 84' lang='lat' dir='ltr'><strong>quadam</strong></span> <span class='ocrx_word' id='word_1_77' title='bbox 545 1052 749 1094; x_wconf 84' lang='lat' dir='ltr'><strong>facilitate</strong></span> <span class='ocrx_word' id='word_1_78' title='bbox 781 1053 1020 1102; x_wconf 89' lang='lat' dir='ltr'><strong>uerborum,</strong></span> <span class='ocrx_word' id='word_1_79' title='bbox 1053 1052 1183 1095; x_wconf 89' lang='lat' dir='ltr'><strong>immo</strong></span> <span class='ocrx_word' id='word_1_80' title='bbox 1222 1052 1398 1095; x_wconf 89' lang='lat' dir='ltr'><strong>audacia</strong></span> <span class='ocrx_word' id='word_1_81' title='bbox 1435 1053 1649 1096; x_wconf 85' lang='lat' dir='ltr'><strong>disserunt</strong></span> 
     </span>
     <span class='ocr_line' id='line_1_14' title="bbox 119 1123 1648 1179; baseline 0 -13"><span class='ocrx_word' id='word_1_82' title='bbox 119 1124 228 1175; x_wconf 83' lang='lat' dir='ltr'><strong>aliis,</strong></span> <span class='ocrx_word' id='word_1_83' title='bbox 260 1124 373 1178; x_wconf 90' lang='lat' dir='ltr'><strong>quod</strong></span> <span class='ocrx_word' id='word_1_84' title='bbox 403 1123 487 1178; x_wconf 88' lang='lat' dir='ltr'><strong>ipsi</strong></span> <span class='ocrx_word' id='word_1_85' title='bbox 519 1136 600 1166; x_wconf 89' lang='lat' dir='ltr'><strong>non</strong></span> <span class='ocrx_word' id='word_1_86' title='bbox 630 1123 899 1179; x_wconf 89' lang='lat' dir='ltr'><strong>intellegunt.</strong></span> <span class='ocrx_word' id='word_1_87' title='bbox 937 1125 1057 1166; x_wconf 91' lang='lat' dir='ltr'><strong>taceo</strong></span> <span class='ocrx_word' id='word_1_88' title='bbox 1089 1123 1140 1165; x_wconf 89' lang='lat' dir='ltr'><strong>dc</strong></span> <span class='ocrx_word' id='word_1_89' title='bbox 1171 1124 1279 1166; x_wconf 89' lang='lat' dir='ltr'><strong>meis</strong></span> <span class='ocrx_word' id='word_1_90' title='bbox 1310 1124 1536 1176; x_wconf 84' lang='lat' dir='ltr'><strong>similibus,</strong></span> <span class='ocrx_word' id='word_1_91' title='bbox 1575 1123 1648 1178; x_wconf 91' lang='lat' dir='ltr'><strong>qui</strong></span> 
     </span>
     <span class='ocr_line' id='line_1_15' title="bbox 120 1194 1648 1248; baseline 0.001 -12"><span class='ocrx_word' id='word_1_92' title='bbox 120 1195 156 1236; x_wconf 90' lang='lat' dir='ltr'><strong>si</strong></span> <span class='ocrx_word' id='word_1_93' title='bbox 188 1194 293 1237; x_wconf 84' lang='lat' dir='ltr'><strong>forte</strong></span> <span class='ocrx_word' id='word_1_94' title='bbox 325 1194 378 1236; x_wconf 88' lang='lat' dir='ltr'><strong>ad</strong></span> <span class='ocrx_word' id='word_1_95' title='bbox 409 1194 638 1248; x_wconf 74' lang='lat' dir='ltr'><strong>scripturas</strong></span> <span class='ocrx_word' id='word_1_96' title='bbox 672 1196 839 1236; x_wconf 83' lang='lat' dir='ltr'><strong>sanctas</strong></span> <span class='ocrx_word' id='word_1_97' title='bbox 872 1196 969 1248; x_wconf 88' lang='lat' dir='ltr'><strong>post</strong></span> <span class='ocrx_word' id='word_1_98' title='bbox 1000 1194 1236 1237; x_wconf 82' lang='lat' dir='ltr'><strong>saeculares</strong></span> <span class='ocrx_word' id='word_1_99' title='bbox 1266 1194 1430 1237; x_wconf 86' lang='lat' dir='ltr'><strong>litteras</strong></span> <span class='ocrx_word' id='word_1_100' title='bbox 1456 1194 1648 1237; x_wconf 85' lang='lat' dir='ltr'><strong>uenerint</strong></span> 
     </span>
     <span class='ocr_line' id='line_1_16' title="bbox 119 1265 1648 1320; baseline 0 -13"><span class='ocrx_word' id='word_1_101' title='bbox 119 1269 162 1307; x_wconf 90' lang='lat' dir='ltr'><strong>et</strong></span> <span class='ocrx_word' id='word_1_102' title='bbox 193 1278 382 1308; x_wconf 87' lang='lat' dir='ltr'><strong>sermone</strong></span> <span class='ocrx_word' id='word_1_103' title='bbox 416 1265 635 1320; x_wconf 90' lang='lat' dir='ltr'><strong>conposito</strong></span> <span class='ocrx_word' id='word_1_104' title='bbox 668 1277 811 1308; x_wconf 91' lang='lat' dir='ltr'><strong>aurem</strong></span> <span class='ocrx_word' id='word_1_105' title='bbox 841 1265 991 1320; x_wconf 89' lang='lat' dir='ltr'><strong>populi</strong></span> <span class='ocrx_word' id='word_1_106' title='bbox 1021 1265 1256 1316; x_wconf 81' lang='lat' dir='ltr'><strong>mulserint,</strong></span> <span class='ocrx_word' id='word_1_107' title='bbox 1298 1265 1499 1320; x_wconf 89' lang='lat' dir='ltr'><strong>quicquid</strong></span> <span class='ocrx_word' id='word_1_108' title='bbox 1537 1265 1648 1308; x_wconf 85' lang='lat' dir='ltr'><strong>dixe-</strong></span> 
     </span>
     <span class='ocr_line' id='line_1_17' title="bbox 117 1336 1646 1392; baseline 0.001 -14"><span class='ocrx_word' id='word_1_109' title='bbox 117 1337 213 1384; x_wconf 81' lang='lat' dir='ltr'><strong>rint.</strong></span> <span class='ocrx_word' id='word_1_110' title='bbox 239 1338 319 1379; x_wconf 90' lang='lat' dir='ltr'><strong>hoc</strong></span> <span class='ocrx_word' id='word_1_111' title='bbox 344 1337 483 1391; x_wconf 88' lang='lat' dir='ltr'><strong>legem</strong></span> <span class='ocrx_word' id='word_1_112' title='bbox 510 1336 575 1378; x_wconf 88' lang='lat' dir='ltr'><strong>dei</strong></span> <span class='ocrx_word' id='word_1_113' title='bbox 600 1338 753 1390; x_wconf 89' lang='lat' dir='ltr'><strong>putant</strong></span> <span class='ocrx_word' id='word_1_114' title='bbox 778 1347 854 1377; x_wconf 93' lang='lat' dir='ltr'><strong>nec</strong></span> <span class='ocrx_word' id='word_1_115' title='bbox 880 1336 987 1378; x_wconf 88' lang='lat' dir='ltr'><strong>scire</strong></span> <span class='ocrx_word' id='word_1_116' title='bbox 1014 1336 1254 1390; x_wconf 83' lang='lat' dir='ltr'><strong>dignantur,</strong></span> <span class='ocrx_word' id='word_1_117' title='bbox 1281 1337 1383 1391; x_wconf 90' lang='lat' dir='ltr'><strong>quid</strong></span> <span class='ocrx_word' id='word_1_118' title='bbox 1402 1337 1646 1392; x_wconf 87' lang='lat' dir='ltr'><strong>prophetae,</strong></span> 
     </span>
     <span class='ocr_line' id='line_1_18' title="bbox 119 1407 1647 1463; baseline 0.001 -14"><span class='ocrx_word' id='word_1_119' title='bbox 119 1408 219 1462; x_wconf 91' lang='lat' dir='ltr'><strong>quid</strong></span> <span class='ocrx_word' id='word_1_120' title='bbox 252 1407 434 1461; x_wconf 85' lang='lat' dir='ltr'><strong>apostoli</strong></span> <span class='ocrx_word' id='word_1_121' title='bbox 466 1407 686 1456; x_wconf 86' lang='lat' dir='ltr'><strong>senserint,</strong></span> <span class='ocrx_word' id='word_1_122' title='bbox 720 1407 794 1449; x_wconf 89' lang='lat' dir='ltr'><strong>sed</strong></span> <span class='ocrx_word' id='word_1_123' title='bbox 819 1407 871 1449; x_wconf 87' lang='lat' dir='ltr'><strong>ad</strong></span> <span class='ocrx_word' id='word_1_124' title='bbox 897 1419 1068 1450; x_wconf 91' lang='lat' dir='ltr'><strong>sensum</strong></span> <span class='ocrx_word' id='word_1_125' title='bbox 1094 1420 1220 1449; x_wconf 90' lang='lat' dir='ltr'><strong>suum</strong></span> <span class='ocrx_word' id='word_1_126' title='bbox 1245 1407 1476 1463; x_wconf 89' lang='lat' dir='ltr'><strong>incongrua</strong></span> <span class='ocrx_word' id='word_1_127' title='bbox 1500 1410 1647 1462; x_wconf 88' lang='lat' dir='ltr'><strong>aptant</strong></span> 
     </span>
     <span class='ocr_line' id='line_1_19' title="bbox 117 1477 1647 1533; baseline 0 -13"><span class='ocrx_word' id='word_1_128' title='bbox 117 1478 374 1528; x_wconf 79' lang='lat' dir='ltr'><strong>testimonia.</strong></span> <span class='ocrx_word' id='word_1_129' title='bbox 418 1478 539 1532; x_wconf 86' lang='lat' dir='ltr'><strong>quasi</strong></span> <span class='ocrx_word' id='word_1_130' title='bbox 584 1477 738 1533; x_wconf 87' lang='lat' dir='ltr'><strong>grande</strong></span> <span class='ocrx_word' id='word_1_131' title='bbox 782 1477 839 1519; x_wconf 91' lang='lat' dir='ltr'><strong>sit</strong></span> <span class='ocrx_word' id='word_1_132' title='bbox 882 1480 924 1519; x_wconf 89' lang='lat' dir='ltr'><strong>et</strong></span> <span class='ocrx_word' id='word_1_133' title='bbox 973 1490 1052 1519; x_wconf 90' lang='lat' dir='ltr'><strong>non</strong></span> <span class='ocrx_word' id='word_1_134' title='bbox 1102 1477 1432 1521; x_wconf 89' lang='lat' dir='ltr'><strong>uitiosissimum</strong></span> <span class='ocrx_word' id='word_1_135' title='bbox 1482 1478 1647 1521; x_wconf 90' lang='lat' dir='ltr'><strong>dicendi</strong></span> 
     </span>
     <span class='ocr_line' id='line_1_20' title="bbox 118 1548 1646 1604; baseline 0.001 -14"><span class='ocrx_word' id='word_1_136' title='bbox 118 1562 251 1604; x_wconf 88' lang='lat' dir='ltr'><strong>genus</strong></span> <span class='ocrx_word' id='word_1_137' title='bbox 284 1549 511 1603; x_wconf 87' lang='lat' dir='ltr'><strong>deprauare</strong></span> <span class='ocrx_word' id='word_1_138' title='bbox 543 1548 772 1592; x_wconf 83' lang='lat' dir='ltr'><strong>sententias</strong></span> <span class='ocrx_word' id='word_1_139' title='bbox 805 1551 847 1591; x_wconf 88' lang='lat' dir='ltr'><strong>et</strong></span> <span class='ocrx_word' id='word_1_140' title='bbox 879 1548 930 1590; x_wconf 87' lang='lat' dir='ltr'><strong>ad</strong></span> <span class='ocrx_word' id='word_1_141' title='bbox 955 1549 1220 1592; x_wconf 88' lang='lat' dir='ltr'><strong>uoluntatem</strong></span> <span class='ocrx_word' id='word_1_142' title='bbox 1247 1561 1367 1591; x_wconf 88' lang='lat' dir='ltr'><strong>suam</strong></span> <span class='ocrx_word' id='word_1_143' title='bbox 1393 1549 1646 1604; x_wconf 83' lang='lat' dir='ltr'><strong>scripturam</strong></span> 
     </span>
    </p>
   </div>
   <div class='ocr_carea' id='block_1_7' title="bbox 238 1653 1142 1699">
    <p class='ocr_par' dir='ltr' id='par_1_7' title="bbox 238 1653 1142 1699">
     <span class='ocr_line' id='line_1_21' title="bbox 238 1653 1142 1699; baseline 0 -11"><span class='ocrx_word' id='word_1_144' title='bbox 238 1654 255 1689; x_wconf 94' lang='lat'>1</span> <span class='ocrx_word' id='word_1_145' title='bbox 283 1653 409 1688; x_wconf 88' lang='lat' dir='ltr'><strong>Horat.</strong></span> <span class='ocrx_word' id='word_1_146' title='bbox 436 1654 541 1699; x_wconf 86' lang='lat' dir='ltr'><strong>epist.</strong></span> <span class='ocrx_word' id='word_1_147' title='bbox 566 1654 603 1688; x_wconf 91' lang='lat'><strong>11</strong></span> <span class='ocrx_word' id='word_1_148' title='bbox 631 1654 662 1698; x_wconf 91' lang='lat'><strong>1,</strong></span> <span class='ocrx_word' id='word_1_149' title='bbox 690 1654 758 1689; x_wconf 86' lang='lat'><strong>115</strong></span> <span class='ocrx_word' id='word_1_150' title='bbox 783 1665 835 1699; x_wconf 86' lang='lat' dir='ltr'><strong>sq.</strong></span> <span class='ocrx_word' id='word_1_151' title='bbox 911 1654 934 1688; x_wconf 88' lang='lat'>4</span> <span class='ocrx_word' id='word_1_152' title='bbox 959 1653 1048 1689; x_wconf 91' lang='lat' dir='ltr'><strong>ibid.</strong></span> <span class='ocrx_word' id='word_1_153' title='bbox 1075 1654 1142 1689; x_wconf 81' lang='lat'><strong>117</strong></span> 
     </span>
    </p>
   </div>
   <div class='ocr_carea' id='block_1_8' title="bbox 114 1747 1647 2919">
    <p class='ocr_par' dir='ltr' id='par_1_8' title="bbox 114 1747 1647 2919">
     <span class='ocr_line' id='line_1_22' title="bbox 168 1747 1645 1794; baseline -0.001 -10"><span class='ocrx_word' id='word_1_154' title='bbox 168 1750 185 1784; x_wconf 90' lang='lat'>1</span> <span class='ocrx_word' id='word_1_155' title='bbox 214 1748 306 1783; x_wconf 87' lang='lat' dir='ltr'><strong>med.</strong></span> <span class='ocrx_word' id='word_1_156' title='bbox 334 1749 403 1793; x_wconf 83' lang='lat' dir='ltr'><strong>est]</strong></span> <span class='ocrx_word' id='word_1_157' title='bbox 438 1749 474 1782; x_wconf 92' lang='lat' dir='ltr'><strong>in</strong></span> <span class='ocrx_word' id='word_1_158' title='bbox 505 1748 623 1783; x_wconf 85' lang='lat' dir='ltr'><strong>iecore</strong></span> <span class='ocrx_word' id='word_1_159' title='bbox 654 1747 748 1782; x_wconf 90' lang='lat' dir='ltr'><strong>med.</strong></span> <span class='ocrx_word' id='word_1_160' title='bbox 775 1749 831 1782; x_wconf 90' lang='lat' dir='ltr'><strong>est</strong></span> <span class='ocrx_word' id='word_1_161' title='bbox 856 1747 906 1788; x_wconf 85' lang='lat' dir='ltr'><em>H,</em></span> <span class='ocrx_word' id='word_1_162' title='bbox 934 1758 1001 1782; x_wconf 86' lang='lat' dir='ltr'><strong>om.</strong></span> <span class='ocrx_word' id='word_1_163' title='bbox 1029 1747 1130 1790; x_wconf 83' lang='lat' dir='ltr'><strong>(add.</strong></span> <span class='ocrx_word' id='word_1_164' title='bbox 1158 1749 1192 1782; x_wconf 90' lang='lat' dir='ltr'><strong>in</strong></span> <span class='ocrx_word' id='word_1_165' title='bbox 1219 1747 1336 1783; x_wconf 88' lang='lat' dir='ltr'><strong>iecore</strong></span> <span class='ocrx_word' id='word_1_166' title='bbox 1360 1748 1403 1783; x_wconf 78' lang='lat' dir='ltr'><strong>in</strong></span> <span class='ocrx_word' id='word_1_167' title='bbox 1427 1759 1494 1794; x_wconf 74' lang='lat' dir='ltr'><strong>my.</strong></span> <span class='ocrx_word' id='word_1_168' title='bbox 1520 1750 1595 1792; x_wconf 71' lang='lat'>⁷722)</span> <span class='ocrx_word' id='word_1_169' title='bbox 1621 1750 1645 1783; x_wconf 72' lang='lat' dir='ltr'><strong>i.</strong></span> 
     </span>
     <span class='ocr_line' id='line_1_23' title="bbox 117 1806 1645 1854; baseline -0.001 -11"><span class='ocrx_word' id='word_1_170' title='bbox 117 1807 210 1843; x_wconf 84' lang='lat' dir='ltr'><strong>med.</strong></span> <span class='ocrx_word' id='word_1_171' title='bbox 237 1808 334 1844; x_wconf 79' lang='grc' dir='ltr'><em>Σα.ο.</em></span> <span class='ocrx_word' id='word_1_172' title='bbox 436 1808 457 1842; x_wconf 83' lang='grc'><strong>2</strong></span> <span class='ocrx_word' id='word_1_173' title='bbox 483 1809 668 1842; x_wconf 83' lang='lat' dir='ltr'><strong>tranctant</strong></span> <span class='ocrx_word' id='word_1_174' title='bbox 693 1807 755 1842; x_wconf 76' lang='grc' dir='ltr'><strong>λΡ</strong></span> <span class='ocrx_word' id='word_1_175' title='bbox 778 1809 938 1842; x_wconf 86' lang='lat' dir='ltr'><strong>tractant</strong></span> <span class='ocrx_word' id='word_1_176' title='bbox 964 1807 1000 1841; x_wconf 91' lang='lat' dir='ltr'><strong>in</strong></span> <span class='ocrx_word' id='word_1_177' title='bbox 1026 1806 1070 1841; x_wconf 89' lang='lat' dir='ltr'><em>H</em></span> <span class='ocrx_word' id='word_1_178' title='bbox 1187 1807 1296 1852; x_wconf 89' lang='lat' dir='ltr'><strong>fabri]</strong></span> <span class='ocrx_word' id='word_1_179' title='bbox 1323 1806 1409 1843; x_wconf 83' lang='lat' dir='ltr'><strong>add.</strong></span> <span class='ocrx_word' id='word_1_180' title='bbox 1436 1807 1645 1854; x_wconf 88' lang='lat' dir='ltr'><strong>philosophi</strong></span> 
     </span>
     <span class='ocr_line' id='line_1_24' title="bbox 117 1865 1643 1913; baseline -0.001 -11"><span class='ocrx_word' id='word_1_181' title='bbox 117 1867 327 1913; x_wconf 79' lang='lat' dir='ltr'><strong>geometrici</strong></span> <span class='ocrx_word' id='word_1_182' title='bbox 354 1868 417 1912; x_wconf 83' lang='lat' dir='ltr'><strong>(cs.</strong></span> <span class='ocrx_word' id='word_1_183' title='bbox 438 1867 490 1902; x_wconf 81' lang='lat' dir='ltr'><strong>ad</strong></span> <span class='ocrx_word' id='word_1_184' title='bbox 509 1877 546 1911; x_wconf 80' lang='lat' dir='ltr'><strong>p.</strong></span> <span class='ocrx_word' id='word_1_185' title='bbox 570 1869 659 1910; x_wconf 77' lang='lat'><strong><em>452,</em></strong></span> <span class='ocrx_word' id='word_1_186' title='bbox 684 1869 718 1912; x_wconf 87' lang='lat'><strong>7)</strong></span> <span class='ocrx_word' id='word_1_187' title='bbox 739 1865 782 1901; x_wconf 90' lang='lat' dir='ltr'><strong><em>H</em></strong></span> <span class='ocrx_word' id='word_1_188' title='bbox 827 1867 850 1902; x_wconf 85' lang='lat'><strong>3</strong></span> <span class='ocrx_word' id='word_1_189' title='bbox 876 1866 1109 1902; x_wconf 82' lang='lat' dir='ltr'><strong>scirturarum</strong></span> <span class='ocrx_word' id='word_1_190' title='bbox 1134 1868 1159 1902; x_wconf 80' lang='grc' dir='ltr'><strong><em>λ</em></strong></span> <span class='ocrx_word' id='word_1_191' title='bbox 1232 1869 1288 1902; x_wconf 89' lang='lat' dir='ltr'><strong>est</strong></span> <span class='ocrx_word' id='word_1_192' title='bbox 1313 1877 1381 1903; x_wconf 88' lang='lat' dir='ltr'><strong>om.</strong></span> <span class='ocrx_word' id='word_1_193' title='bbox 1409 1866 1453 1901; x_wconf 92' lang='lat' dir='ltr'><strong><em>H</em></strong></span> <span class='ocrx_word' id='word_1_194' title='bbox 1522 1866 1643 1912; x_wconf 83' lang='lat' dir='ltr'><strong>quam]</strong></span> 
     </span>
     <span class='ocr_line' id='line_1_25' title="bbox 117 1925 1645 1972; baseline -0.001 -10"><span class='ocrx_word' id='word_1_195' title='bbox 117 1938 185 1972; x_wconf 87' lang='lat' dir='ltr'><strong>que</strong></span> <span class='ocrx_word' id='word_1_196' title='bbox 211 1926 256 1961; x_wconf 88' lang='lat' dir='ltr'><em>H</em></span> <span class='ocrx_word' id='word_1_197' title='bbox 325 1937 447 1961; x_wconf 87' lang='lat' dir='ltr'><strong>omnes</strong></span> <span class='ocrx_word' id='word_1_198' title='bbox 473 1926 636 1961; x_wconf 86' lang='lat' dir='ltr'><strong>homines</strong></span> <span class='ocrx_word' id='word_1_199' title='bbox 661 1926 706 1960; x_wconf 92' lang='lat' dir='ltr'><em>H</em></span> <span class='ocrx_word' id='word_1_200' title='bbox 774 1926 909 1970; x_wconf 83' lang='lat' dir='ltr'><strong>passim</strong></span> <span class='ocrx_word' id='word_1_201' title='bbox 935 1936 1003 1961; x_wconf 88' lang='lat' dir='ltr'><strong>om.</strong></span> <span class='ocrx_word' id='word_1_202' title='bbox 1023 1925 1053 1960; x_wconf 82' lang='lat' dir='ltr'><strong><em>S</em></strong></span> <span class='ocrx_word' id='word_1_203' title='bbox 1099 1926 1121 1961; x_wconf 88' lang='grc'><strong>3</strong></span> <span class='ocrx_word' id='word_1_204' title='bbox 1147 1925 1334 1961; x_wconf 87' lang='lat' dir='ltr'><strong>uindicent</strong></span> <span class='ocrx_word' id='word_1_205' title='bbox 1357 1925 1436 1961; x_wconf 90' lang='grc' dir='ltr'><strong>ΗΡ</strong></span> <span class='ocrx_word' id='word_1_206' title='bbox 1460 1925 1602 1961; x_wconf 83' lang='lat' dir='ltr'><strong>discent</strong></span> <span class='ocrx_word' id='word_1_207' title='bbox 1620 1927 1645 1961; x_wconf 73' lang='grc' dir='ltr'><em>λ</em></span> 
     </span>
     <span class='ocr_line' id='line_1_26' title="bbox 116 1983 1644 2029; baseline 0 -9"><span class='ocrx_word' id='word_1_208' title='bbox 116 1985 304 2020; x_wconf 84' lang='lat' dir='ltr'><strong>uindicant</strong></span> <span class='ocrx_word' id='word_1_209' title='bbox 329 1983 428 2020; x_wconf 69' lang='lat' dir='ltr'><strong>ZDS</strong></span> <span class='ocrx_word' id='word_1_210' title='bbox 509 1985 532 2019; x_wconf 88' lang='lat'>4</span> <span class='ocrx_word' id='word_1_211' title='bbox 557 1984 709 2029; x_wconf 87' lang='lat' dir='ltr'><strong>indocti]</strong></span> <span class='ocrx_word' id='word_1_212' title='bbox 737 1983 835 2019; x_wconf 80' lang='lat' dir='ltr'><strong>docti</strong></span> <span class='ocrx_word' id='word_1_213' title='bbox 860 1985 885 2019; x_wconf 75' lang='grc' dir='ltr'><strong><em>λ</em></strong></span> <span class='ocrx_word' id='word_1_214' title='bbox 970 1985 991 2018; x_wconf 89' lang='grc'>5</span> <span class='ocrx_word' id='word_1_215' title='bbox 1017 1985 1121 2029; x_wconf 81' lang='lat' dir='ltr'><strong>anus]</strong></span> <span class='ocrx_word' id='word_1_216' title='bbox 1149 1984 1226 2018; x_wconf 87' lang='lat' dir='ltr'><strong>auis</strong></span> <span class='ocrx_word' id='word_1_217' title='bbox 1251 1983 1349 2020; x_wconf 88' lang='lat' dir='ltr'><strong>Sa.c.</strong></span> <span class='ocrx_word' id='word_1_218' title='bbox 1447 1984 1512 2019; x_wconf 80' lang='lat' dir='ltr'><strong>alt.</strong></span> <span class='ocrx_word' id='word_1_219' title='bbox 1539 1983 1644 2029; x_wconf 86' lang='lat' dir='ltr'><strong>hanc]</strong></span> 
     </span>
     <span class='ocr_line' id='line_1_27' title="bbox 115 2042 1646 2089; baseline -0.001 -9"><span class='ocrx_word' id='word_1_220' title='bbox 115 2056 157 2080; x_wconf 87' lang='lat' dir='ltr'><strong>ac</strong></span> <span class='ocrx_word' id='word_1_221' title='bbox 176 2044 220 2079; x_wconf 89' lang='lat' dir='ltr'><em>H</em></span> <span class='ocrx_word' id='word_1_222' title='bbox 314 2044 454 2079; x_wconf 75' lang='lat' dir='ltr'><strong>deletus</strong></span> <span class='ocrx_word' id='word_1_223' title='bbox 473 2043 758 2085; x_wconf 66' lang='grc' dir='ltr'><strong>λΗΣζΒα.ε.νη2</strong></span> <span class='ocrx_word' id='word_1_224' title='bbox 795 2063 798 2065; x_wconf 98' lang='grc'>-</span> <span class='ocrx_word' id='word_1_225' title='bbox 853 2043 948 2078; x_wconf 85' lang='lat' dir='ltr'><strong>senis</strong></span> <span class='ocrx_word' id='word_1_226' title='bbox 967 2044 993 2079; x_wconf 77' lang='grc' dir='ltr'><em>λ</em></span> <span class='ocrx_word' id='word_1_227' title='bbox 1017 2054 1120 2078; x_wconf 85' lang='lat' dir='ltr'><strong>senes</strong></span> <span class='ocrx_word' id='word_1_228' title='bbox 1141 2042 1209 2078; x_wconf 79' lang='grc' dir='ltr'><strong>ΣΒ</strong></span> <span class='ocrx_word' id='word_1_229' title='bbox 1304 2047 1384 2079; x_wconf 76' lang='lat' dir='ltr'><strong>tert.</strong></span> <span class='ocrx_word' id='word_1_230' title='bbox 1409 2043 1516 2089; x_wconf 88' lang='lat' dir='ltr'><strong>hanc]</strong></span> <span class='ocrx_word' id='word_1_231' title='bbox 1543 2054 1586 2079; x_wconf 86' lang='lat' dir='ltr'><strong>ac</strong></span> <span class='ocrx_word' id='word_1_232' title='bbox 1604 2043 1646 2078; x_wconf 91' lang='lat' dir='ltr'><em>H</em></span> 
     </span>
     <span class='ocr_line' id='line_1_28' title="bbox 116 2101 1643 2149; baseline -0.001 -10"><span class='ocrx_word' id='word_1_233' title='bbox 116 2104 252 2149; x_wconf 87' lang='lat' dir='ltr'><strong>soloeg.</strong></span> <span class='ocrx_word' id='word_1_234' title='bbox 276 2104 313 2138; x_wconf 92' lang='lat' dir='ltr'><em>P</em></span> <span class='ocrx_word' id='word_1_235' title='bbox 336 2103 434 2138; x_wconf 85' lang='lat' dir='ltr'><strong>solie.</strong></span> <span class='ocrx_word' id='word_1_236' title='bbox 461 2103 533 2138; x_wconf 76' lang='grc' dir='ltr'><strong>λΗ</strong></span> <span class='ocrx_word' id='word_1_237' title='bbox 553 2103 656 2148; x_wconf 88' lang='lat' dir='ltr'><strong>soph.</strong></span> <span class='ocrx_word' id='word_1_238' title='bbox 682 2101 784 2137; x_wconf 66' lang='lat' dir='ltr'><strong>ZDS</strong></span> <span class='ocrx_word' id='word_1_239' title='bbox 877 2103 898 2137; x_wconf 90' lang='grc'><strong>6</strong></span> <span class='ocrx_word' id='word_1_240' title='bbox 925 2102 1038 2147; x_wconf 87' lang='lat' dir='ltr'><strong>uerb.]</strong></span> <span class='ocrx_word' id='word_1_241' title='bbox 1066 2101 1153 2137; x_wconf 83' lang='lat' dir='ltr'><strong>add.</strong></span> <span class='ocrx_word' id='word_1_242' title='bbox 1180 2102 1387 2147; x_wconf 83' lang='lat' dir='ltr'><strong>questiones</strong></span> <span class='ocrx_word' id='word_1_243' title='bbox 1413 2102 1456 2137; x_wconf 91' lang='lat' dir='ltr'><em>H</em></span> <span class='ocrx_word' id='word_1_244' title='bbox 1568 2104 1643 2137; x_wconf 83' lang='lat' dir='ltr'><strong>ant.</strong></span> 
     </span>
     <span class='ocr_line' id='line_1_29' title="bbox 117 2160 1645 2206; baseline -0.001 -8"><span class='ocrx_word' id='word_1_245' title='bbox 117 2163 204 2199; x_wconf 89' lang='lat' dir='ltr'><strong>disc.</strong></span> <span class='ocrx_word' id='word_1_246' title='bbox 230 2162 355 2198; x_wconf 87' lang='lat' dir='ltr'><strong>dolent</strong></span> <span class='ocrx_word' id='word_1_247' title='bbox 381 2163 459 2206; x_wconf 79' lang='lat' dir='ltr'><strong>(sic)</strong></span> <span class='ocrx_word' id='word_1_248' title='bbox 484 2163 529 2196; x_wconf 97' lang='lat' dir='ltr'><em>H</em></span> <span class='ocrx_word' id='word_1_249' title='bbox 609 2161 741 2197; x_wconf 84' lang='lat' dir='ltr'><strong>docent</strong></span> <span class='ocrx_word' id='word_1_250' title='bbox 766 2173 833 2198; x_wconf 89' lang='lat' dir='ltr'><strong>om.</strong></span> <span class='ocrx_word' id='word_1_251' title='bbox 860 2161 928 2197; x_wconf 80' lang='grc' dir='ltr'><strong>ΣΒ</strong></span> <span class='ocrx_word' id='word_1_252' title='bbox 1001 2162 1021 2196; x_wconf 85' lang='grc'>7</span> <span class='ocrx_word' id='word_1_253' title='bbox 1043 2161 1184 2196; x_wconf 85' lang='lat' dir='ltr'><strong>discant</strong></span> <span class='ocrx_word' id='word_1_254' title='bbox 1208 2162 1268 2196; x_wconf 80' lang='lat' dir='ltr'><strong>uel</strong></span> <span class='ocrx_word' id='word_1_255' title='bbox 1293 2160 1438 2197; x_wconf 85' lang='lat' dir='ltr'><strong>discunt</strong></span> <span class='ocrx_word' id='word_1_256' title='bbox 1462 2163 1487 2197; x_wconf 79' lang='grc' dir='ltr'><strong>λ,</strong></span> <span class='ocrx_word' id='word_1_257' title='bbox 1572 2161 1645 2197; x_wconf 85' lang='lat' dir='ltr'><strong>alia</strong></span> 
     </span>
     <span class='ocr_line' id='line_1_30' title="bbox 115 2220 1647 2268; baseline -0.001 -10"><span class='ocrx_word' id='word_1_258' title='bbox 115 2222 223 2258; x_wconf 85' lang='lat' dir='ltr'><strong>ducto</strong></span> <span class='ocrx_word' id='word_1_259' title='bbox 250 2222 293 2257; x_wconf 93' lang='lat' dir='ltr'><em>H</em></span> <span class='ocrx_word' id='word_1_260' title='bbox 362 2233 468 2268; x_wconf 88' lang='lat' dir='ltr'><strong>super</strong></span> <span class='ocrx_word' id='word_1_261' title='bbox 493 2222 695 2257; x_wconf 69' lang='lat' dir='ltr'><strong>concilio).</strong></span> <span class='ocrx_word' id='word_1_262' title='bbox 776 2221 1004 2256; x_wconf 84' lang='lat' dir='ltr'><strong>trudinantes</strong></span> <span class='ocrx_word' id='word_1_263' title='bbox 1030 2220 1075 2255; x_wconf 89' lang='lat' dir='ltr'><em>H</em></span> <span class='ocrx_word' id='word_1_264' title='bbox 1095 2221 1278 2256; x_wconf 86' lang='lat' dir='ltr'><strong>trutinant</strong></span> <span class='ocrx_word' id='word_1_265' title='bbox 1302 2221 1341 2256; x_wconf 92' lang='lat' dir='ltr'><em>D</em></span> <span class='ocrx_word' id='word_1_266' title='bbox 1365 2221 1590 2256; x_wconf 86' lang='lat' dir='ltr'><strong>trutinantur</strong></span> <span class='ocrx_word' id='word_1_267' title='bbox 1616 2220 1647 2256; x_wconf 80' lang='lat' dir='ltr'><em>S</em></span> 
     </span>
     <span class='ocr_line' id='line_1_31' title="bbox 116 2279 1644 2327; baseline -0.001 -10"><span class='ocrx_word' id='word_1_268' title='bbox 116 2283 137 2317; x_wconf 84' lang='lat'>9</span> <span class='ocrx_word' id='word_1_269' title='bbox 165 2294 185 2317; x_wconf 91' lang='lat' dir='ltr'><strong>a</strong></span> <span class='ocrx_word' id='word_1_270' title='bbox 211 2281 294 2316; x_wconf 86' lang='lat' dir='ltr'><strong>fem.</strong></span> <span class='ocrx_word' id='word_1_271' title='bbox 320 2293 383 2327; x_wconf 91' lang='lat' dir='ltr'><strong>pro</strong></span> <span class='ocrx_word' id='word_1_272' title='bbox 409 2280 494 2327; x_wconf 89' lang='lat' dir='ltr'><strong>pud.</strong></span> <span class='ocrx_word' id='word_1_273' title='bbox 515 2281 559 2315; x_wconf 87' lang='lat' dir='ltr'><em>H</em></span> <span class='ocrx_word' id='word_1_274' title='bbox 664 2292 727 2326; x_wconf 88' lang='lat' dir='ltr'><strong>pro</strong></span> <span class='ocrx_word' id='word_1_275' title='bbox 754 2280 854 2327; x_wconf 78' lang='lat' dir='ltr'><strong>pud.1</strong></span> <span class='ocrx_word' id='word_1_276' title='bbox 880 2279 976 2325; x_wconf 90' lang='lat' dir='ltr'><strong>quod</strong></span> <span class='ocrx_word' id='word_1_277' title='bbox 1001 2282 1045 2323; x_wconf 78' lang='lat' dir='ltr'><strong>(s.</strong></span> <span class='ocrx_word' id='word_1_278' title='bbox 1073 2280 1095 2315; x_wconf 84' lang='lat' dir='ltr'><strong>l.</strong></span> <span class='ocrx_word' id='word_1_279' title='bbox 1121 2281 1198 2324; x_wconf 81' lang='lat' dir='ltr'><strong>m2)</strong></span> <span class='ocrx_word' id='word_1_280' title='bbox 1223 2291 1286 2326; x_wconf 90' lang='lat' dir='ltr'><strong>pro</strong></span> <span class='ocrx_word' id='word_1_281' title='bbox 1312 2280 1396 2326; x_wconf 87' lang='lat' dir='ltr'><strong>pud.</strong></span> <span class='ocrx_word' id='word_1_282' title='bbox 1424 2282 1481 2315; x_wconf 87' lang='lat' dir='ltr'><strong>est</strong></span> <span class='ocrx_word' id='word_1_283' title='bbox 1505 2282 1578 2323; x_wconf 90' lang='lat' dir='ltr'><strong>(est</strong></span> <span class='ocrx_word' id='word_1_284' title='bbox 1602 2281 1644 2315; x_wconf 78' lang='lat' dir='ltr'><strong>in</strong></span> 
     </span>
     <span class='ocr_line' id='line_1_32' title="bbox 116 2339 1643 2386; baseline -0.001 -11"><span class='ocrx_word' id='word_1_285' title='bbox 116 2352 181 2386; x_wconf 73' lang='lat' dir='ltr'><strong>my.</strong></span> <span class='ocrx_word' id='word_1_286' title='bbox 207 2343 283 2384; x_wconf 80' lang='lat' dir='ltr'><strong>m2)</strong></span> <span class='ocrx_word' id='word_1_287' title='bbox 301 2342 326 2376; x_wconf 78' lang='grc' dir='ltr'><em>λ</em></span> <span class='ocrx_word' id='word_1_288' title='bbox 424 2340 557 2375; x_wconf 86' lang='lat' dir='ltr'><strong>docent</strong></span> <span class='ocrx_word' id='word_1_289' title='bbox 577 2340 617 2375; x_wconf 92' lang='lat' dir='ltr'><em>H</em></span> <span class='ocrx_word' id='word_1_290' title='bbox 713 2351 756 2375; x_wconf 89' lang='lat' dir='ltr'><strong>ne</strong></span> <span class='ocrx_word' id='word_1_291' title='bbox 784 2342 825 2375; x_wconf 88' lang='lat' dir='ltr'><strong>ut</strong></span> <span class='ocrx_word' id='word_1_292' title='bbox 849 2340 973 2385; x_wconf 81' lang='lat' dir='ltr'><strong>(eras.)</strong></span> <span class='ocrx_word' id='word_1_293' title='bbox 993 2340 1025 2374; x_wconf 88' lang='grc' dir='ltr'><em>Σ</em></span> <span class='ocrx_word' id='word_1_294' title='bbox 1116 2350 1267 2385; x_wconf 89' lang='lat' dir='ltr'><strong>paruum</strong></span> <span class='ocrx_word' id='word_1_295' title='bbox 1292 2339 1363 2375; x_wconf 77' lang='grc' dir='ltr'><strong>λΗ</strong></span> <span class='ocrx_word' id='word_1_296' title='bbox 1436 2339 1479 2375; x_wconf 93' lang='grc'><strong>10</strong></span> <span class='ocrx_word' id='word_1_297' title='bbox 1504 2339 1567 2385; x_wconf 81' lang='lat' dir='ltr'><strong>sit]</strong></span> <span class='ocrx_word' id='word_1_298' title='bbox 1592 2339 1643 2374; x_wconf 65' lang='lat' dir='ltr'><strong>sic</strong></span> 
     </span>
     <span class='ocr_line' id='line_1_33' title="bbox 114 2398 1643 2445; baseline -0.001 -10"><span class='ocrx_word' id='word_1_299' title='bbox 114 2402 177 2444; x_wconf 90' lang='lat'><strong>(=</strong></span> <span class='ocrx_word' id='word_1_300' title='bbox 204 2400 311 2444; x_wconf 89' lang='lat' dir='ltr'><strong>sicut)</strong></span> <span class='ocrx_word' id='word_1_301' title='bbox 338 2399 384 2434; x_wconf 91' lang='lat' dir='ltr'><em>H</em></span> <span class='ocrx_word' id='word_1_302' title='bbox 500 2399 654 2445; x_wconf 86' lang='lat' dir='ltr'><strong>quadam</strong></span> <span class='ocrx_word' id='word_1_303' title='bbox 679 2410 747 2436; x_wconf 87' lang='lat' dir='ltr'><strong>om.</strong></span> <span class='ocrx_word' id='word_1_304' title='bbox 774 2399 842 2434; x_wconf 59' lang='lat'><strong>1211</strong></span> <span class='ocrx_word' id='word_1_305' title='bbox 960 2399 1213 2445; x_wconf 84' lang='lat' dir='ltr'><strong>fac.—intell.]</strong></span> <span class='ocrx_word' id='word_1_306' title='bbox 1240 2401 1326 2434; x_wconf 89' lang='lat' dir='ltr'><strong>sunt</strong></span> <span class='ocrx_word' id='word_1_307' title='bbox 1351 2399 1424 2443; x_wconf 84' lang='lat' dir='ltr'><strong>alii,</strong></span> <span class='ocrx_word' id='word_1_308' title='bbox 1445 2398 1507 2444; x_wconf 88' lang='lat' dir='ltr'><strong>qui</strong></span> <span class='ocrx_word' id='word_1_309' title='bbox 1531 2399 1643 2434; x_wconf 83' lang='lat' dir='ltr'><strong>nimia</strong></span> 
     </span>
     <span class='ocr_line' id='line_1_34' title="bbox 116 2457 1642 2504; baseline -0.001 -10"><span class='ocrx_word' id='word_1_310' title='bbox 116 2459 184 2494; x_wconf 81' lang='lat' dir='ltr'><strong>fac.</strong></span> <span class='ocrx_word' id='word_1_311' title='bbox 217 2459 418 2503; x_wconf 88' lang='lat' dir='ltr'><strong>uerborum,</strong></span> <span class='ocrx_word' id='word_1_312' title='bbox 448 2459 556 2493; x_wconf 92' lang='lat' dir='ltr'><strong>immo</strong></span> <span class='ocrx_word' id='word_1_313' title='bbox 589 2458 741 2494; x_wconf 86' lang='lat' dir='ltr'><strong>audacia</strong></span> <span class='ocrx_word' id='word_1_314' title='bbox 772 2458 976 2494; x_wconf 86' lang='lat' dir='ltr'><strong>edisserunt</strong></span> <span class='ocrx_word' id='word_1_315' title='bbox 1012 2460 1070 2502; x_wconf 75' lang='lat' dir='ltr'><strong>(ex</strong></span> <span class='ocrx_word' id='word_1_316' title='bbox 1101 2457 1284 2494; x_wconf 87' lang='lat' dir='ltr'><strong>disserunt</strong></span> <span class='ocrx_word' id='word_1_317' title='bbox 1313 2460 1390 2502; x_wconf 82' lang='lat' dir='ltr'><strong>m2)</strong></span> <span class='ocrx_word' id='word_1_318' title='bbox 1421 2458 1515 2502; x_wconf 83' lang='lat' dir='ltr'><strong>aliis,</strong></span> <span class='ocrx_word' id='word_1_319' title='bbox 1547 2457 1642 2504; x_wconf 90' lang='lat' dir='ltr'><strong>quod</strong></span> 
     </span>
     <span class='ocr_line' id='line_1_35' title="bbox 115 2517 1641 2564; baseline -0.001 -11"><span class='ocrx_word' id='word_1_320' title='bbox 115 2519 186 2564; x_wconf 84' lang='lat' dir='ltr'><strong>ipsi</strong></span> <span class='ocrx_word' id='word_1_321' title='bbox 210 2529 281 2553; x_wconf 93' lang='lat' dir='ltr'><strong>non</strong></span> <span class='ocrx_word' id='word_1_322' title='bbox 305 2519 420 2554; x_wconf 84' lang='lat' dir='ltr'><strong>intell.</strong></span> <span class='ocrx_word' id='word_1_323' title='bbox 447 2519 482 2552; x_wconf 90' lang='grc' dir='ltr'><strong><em>Γ</em></strong></span> <span class='ocrx_word' id='word_1_324' title='bbox 585 2517 756 2552; x_wconf 85' lang='lat' dir='ltr'><strong>audaciae</strong></span> <span class='ocrx_word' id='word_1_325' title='bbox 782 2518 818 2552; x_wconf 88' lang='lat' dir='ltr'><strong><em>P</em></strong></span> <span class='ocrx_word' id='word_1_326' title='bbox 844 2518 916 2554; x_wconf 90' lang='lat' dir='ltr'><strong>-cie</strong></span> <span class='ocrx_word' id='word_1_327' title='bbox 943 2518 1039 2553; x_wconf 75' lang='grc' dir='ltr'><em>Σα.ο.</em></span> <span class='ocrx_word' id='word_1_328' title='bbox 1066 2518 1115 2553; x_wconf 88' lang='lat' dir='ltr'><strong>-ci</strong></span> <span class='ocrx_word' id='word_1_329' title='bbox 1141 2517 1180 2552; x_wconf 90' lang='lat' dir='ltr'><strong><em>D</em></strong></span> <span class='ocrx_word' id='word_1_330' title='bbox 1205 2528 1284 2553; x_wconf 88' lang='lat' dir='ltr'><strong>cum</strong></span> <span class='ocrx_word' id='word_1_331' title='bbox 1312 2519 1353 2559; x_wconf 85' lang='lat'><strong>(8.</strong></span> <span class='ocrx_word' id='word_1_332' title='bbox 1381 2518 1404 2552; x_wconf 88' lang='lat' dir='ltr'><strong>l.</strong></span> <span class='ocrx_word' id='word_1_333' title='bbox 1429 2519 1505 2560; x_wconf 80' lang='lat' dir='ltr'><strong>m2)</strong></span> <span class='ocrx_word' id='word_1_334' title='bbox 1531 2517 1641 2552; x_wconf 87' lang='lat' dir='ltr'><strong>auda·</strong></span> 
     </span>
     <span class='ocr_line' id='line_1_36' title="bbox 116 2575 1647 2623; baseline -0.001 -11"><span class='ocrx_word' id='word_1_335' title='bbox 116 2576 171 2612; x_wconf 88' lang='lat' dir='ltr'><strong>cia</strong></span> <span class='ocrx_word' id='word_1_336' title='bbox 195 2589 327 2623; x_wconf 88' lang='lat' dir='ltr'><strong>magna</strong></span> <span class='ocrx_word' id='word_1_337' title='bbox 351 2577 382 2612; x_wconf 89' lang='lat' dir='ltr'><strong>it</strong></span> <span class='ocrx_word' id='word_1_338' title='bbox 406 2579 431 2613; x_wconf 73' lang='grc' dir='ltr'><strong>λ,</strong></span> <span class='ocrx_word' id='word_1_339' title='bbox 504 2577 675 2612; x_wconf 86' lang='lat' dir='ltr'><strong>deserunt</strong></span> <span class='ocrx_word' id='word_1_340' title='bbox 699 2576 771 2612; x_wconf 80' lang='grc' dir='ltr'><strong>λΗ</strong></span> <span class='ocrx_word' id='word_1_341' title='bbox 792 2575 995 2612; x_wconf 83' lang='lat' dir='ltr'><strong>edisserunt</strong></span> <span class='ocrx_word' id='word_1_342' title='bbox 1019 2575 1254 2623; x_wconf 75' lang='lat' dir='ltr'><strong>I&#39;p.c.m2DS</strong></span> <span class='ocrx_word' id='word_1_343' title='bbox 1309 2576 1349 2611; x_wconf 92' lang='lat'><strong>11</strong></span> <span class='ocrx_word' id='word_1_344' title='bbox 1378 2576 1444 2611; x_wconf 85' lang='lat' dir='ltr'><strong>alis</strong></span> <span class='ocrx_word' id='word_1_345' title='bbox 1469 2577 1494 2612; x_wconf 80' lang='grc' dir='ltr'><strong>λ,</strong></span> <span class='ocrx_word' id='word_1_346' title='bbox 1520 2575 1582 2610; x_wconf 89' lang='lat' dir='ltr'><strong>alii</strong></span> <span class='ocrx_word' id='word_1_347' title='bbox 1601 2576 1647 2610; x_wconf 91' lang='lat' dir='ltr'><em>H</em></span> 
     </span>
     <span class='ocr_line' id='line_1_37' title="bbox 114 2635 1643 2682; baseline -0.001 -10"><span class='ocrx_word' id='word_1_348' title='bbox 114 2637 186 2672; x_wconf 89' lang='lat' dir='ltr'><strong>mei</strong></span> <span class='ocrx_word' id='word_1_349' title='bbox 208 2648 233 2682; x_wconf 78' lang='grc' dir='ltr'><em>ς</em></span> <span class='ocrx_word' id='word_1_350' title='bbox 346 2637 397 2672; x_wconf 76' lang='grc'><strong>’12</strong></span> <span class='ocrx_word' id='word_1_351' title='bbox 423 2648 540 2672; x_wconf 84' lang='lat' dir='ltr'><strong>sacras</strong></span> <span class='ocrx_word' id='word_1_352' title='bbox 569 2637 600 2671; x_wconf 90' lang='grc' dir='ltr'><em>Σ</em></span> <span class='ocrx_word' id='word_1_353' title='bbox 708 2638 880 2671; x_wconf 88' lang='lat' dir='ltr'><strong>uenerent</strong></span> <span class='ocrx_word' id='word_1_354' title='bbox 903 2635 948 2670; x_wconf 89' lang='lat' dir='ltr'><em>H</em></span> <span class='ocrx_word' id='word_1_355' title='bbox 969 2636 1136 2671; x_wconf 87' lang='lat' dir='ltr'><strong>uenirent</strong></span> <span class='ocrx_word' id='word_1_356' title='bbox 1160 2637 1185 2671; x_wconf 77' lang='grc' dir='ltr'><strong>λ,</strong></span> <span class='ocrx_word' id='word_1_357' title='bbox 1308 2636 1355 2670; x_wconf 84' lang='grc'><strong>13</strong></span> <span class='ocrx_word' id='word_1_358' title='bbox 1377 2645 1576 2670; x_wconf 84' lang='lat' dir='ltr'><strong>sermonem</strong></span> <span class='ocrx_word' id='word_1_359' title='bbox 1601 2635 1643 2669; x_wconf 91' lang='lat' dir='ltr'><em>H</em></span> 
     </span>
     <span class='ocr_line' id='line_1_38' title="bbox 116 2693 1646 2731; baseline -0.001 -1"><span class='ocrx_word' id='word_1_360' title='bbox 116 2706 220 2731; x_wconf 87' lang='lat' dir='ltr'><strong>aures</strong></span> <span class='ocrx_word' id='word_1_361' title='bbox 244 2696 280 2730; x_wconf 93' lang='lat' dir='ltr'><strong><em>P</em></strong></span> <span class='ocrx_word' id='word_1_362' title='bbox 373 2696 564 2731; x_wconf 86' lang='lat' dir='ltr'><strong>mulceriut</strong></span> <span class='ocrx_word' id='word_1_363' title='bbox 587 2695 683 2730; x_wconf 74' lang='grc' dir='ltr'><strong>λΣΙ)</strong></span> <span class='ocrx_word' id='word_1_364' title='bbox 707 2695 900 2730; x_wconf 86' lang='lat' dir='ltr'><strong>mulcirent</strong></span> <span class='ocrx_word' id='word_1_365' title='bbox 924 2694 969 2730; x_wconf 88' lang='grc' dir='ltr'><strong>ΙΙ</strong></span> <span class='ocrx_word' id='word_1_366' title='bbox 1061 2695 1223 2730; x_wconf 82' lang='lat' dir='ltr'><strong>dicerent</strong></span> <span class='ocrx_word' id='word_1_367' title='bbox 1246 2695 1271 2730; x_wconf 77' lang='grc' dir='ltr'><em>λ</em></span> <span class='ocrx_word' id='word_1_368' title='bbox 1347 2695 1391 2729; x_wconf 81' lang='lat'><strong>14</strong></span> <span class='ocrx_word' id='word_1_369' title='bbox 1415 2694 1482 2729; x_wconf 90' lang='lat' dir='ltr'><strong>hoc</strong></span> <span class='ocrx_word' id='word_1_370' title='bbox 1507 2704 1574 2729; x_wconf 92' lang='lat' dir='ltr'><strong>om.</strong></span> <span class='ocrx_word' id='word_1_371' title='bbox 1600 2693 1646 2728; x_wconf 87' lang='lat' dir='ltr'><em>H</em></span> 
     </span>
     <span class='ocr_line' id='line_1_39' title="bbox 116 2752 1642 2801; baseline -0.001 -11"><span class='ocrx_word' id='word_1_372' title='bbox 116 2754 174 2790; x_wconf 90' lang='lat' dir='ltr'><strong>dei</strong></span> <span class='ocrx_word' id='word_1_373' title='bbox 200 2757 290 2801; x_wconf 58' lang='lat' dir='ltr'><strong>pua]</strong></span> <span class='ocrx_word' id='word_1_374' title='bbox 318 2755 495 2801; x_wconf 84' lang='lat' dir='ltr'><strong>deputant</strong></span> <span class='ocrx_word' id='word_1_375' title='bbox 520 2755 619 2790; x_wconf 69' lang='lat' dir='ltr'><strong>ZDS</strong></span> <span class='ocrx_word' id='word_1_376' title='bbox 750 2765 793 2789; x_wconf 90' lang='lat' dir='ltr'><strong>ne</strong></span> <span class='ocrx_word' id='word_1_377' title='bbox 821 2755 853 2789; x_wconf 92' lang='grc' dir='ltr'><em>Σ</em></span> <span class='ocrx_word' id='word_1_378' title='bbox 985 2754 1072 2800; x_wconf 85' lang='lat' dir='ltr'><strong>quid</strong></span> <span class='ocrx_word' id='word_1_379' title='bbox 1098 2766 1166 2801; x_wconf 89' lang='lat' dir='ltr'><strong>ap.,</strong></span> <span class='ocrx_word' id='word_1_380' title='bbox 1193 2753 1278 2799; x_wconf 90' lang='lat' dir='ltr'><strong>quid</strong></span> <span class='ocrx_word' id='word_1_381' title='bbox 1303 2765 1357 2799; x_wconf 87' lang='lat' dir='ltr'><strong>pr.</strong></span> <span class='ocrx_word' id='word_1_382' title='bbox 1383 2753 1418 2788; x_wconf 91' lang='lat' dir='ltr'>P</span> <span class='ocrx_word' id='word_1_383' title='bbox 1527 2753 1568 2788; x_wconf 91' lang='lat'><strong>15</strong></span> <span class='ocrx_word' id='word_1_384' title='bbox 1594 2752 1642 2788; x_wconf 84' lang='lat' dir='ltr'><strong>ad</strong></span> 
     </span>
     <span class='ocr_line' id='line_1_40' title="bbox 115 2812 1641 2859; baseline -0.002 -9"><span class='ocrx_word' id='word_1_385' title='bbox 115 2825 144 2850; x_wconf 80' lang='grc' dir='ltr'><strong>ε.</strong></span> <span class='ocrx_word' id='word_1_386' title='bbox 172 2815 194 2850; x_wconf 86' lang='lat' dir='ltr'><strong>l.</strong></span> <span class='ocrx_word' id='word_1_387' title='bbox 222 2815 260 2855; x_wconf 89' lang='grc' dir='ltr'><strong>Σ,</strong></span> <span class='ocrx_word' id='word_1_388' title='bbox 287 2826 354 2850; x_wconf 88' lang='lat' dir='ltr'><strong>om.</strong></span> <span class='ocrx_word' id='word_1_389' title='bbox 382 2814 438 2849; x_wconf 71' lang='lat' dir='ltr'><strong>H&#39;</strong></span> <span class='ocrx_word' id='word_1_390' title='bbox 518 2826 619 2849; x_wconf 87' lang='lat' dir='ltr'><strong>suum</strong></span> <span class='ocrx_word' id='word_1_391' title='bbox 646 2825 739 2850; x_wconf 84' lang='lat' dir='ltr'><strong>sens.</strong></span> <span class='ocrx_word' id='word_1_392' title='bbox 768 2814 809 2848; x_wconf 89' lang='lat' dir='ltr'><em>H</em></span> <span class='ocrx_word' id='word_1_393' title='bbox 905 2815 948 2850; x_wconf 90' lang='lat'><strong>16</strong></span> <span class='ocrx_word' id='word_1_394' title='bbox 975 2814 1078 2859; x_wconf 84' lang='lat' dir='ltr'><strong>quasi</strong></span> <span class='ocrx_word' id='word_1_395' title='bbox 1103 2825 1173 2848; x_wconf 86' lang='lat' dir='ltr'><strong>non</strong></span> <span class='ocrx_word' id='word_1_396' title='bbox 1201 2813 1245 2847; x_wconf 91' lang='lat' dir='ltr'><em>H</em></span> <span class='ocrx_word' id='word_1_397' title='bbox 1338 2812 1575 2848; x_wconf 82' lang='lat' dir='ltr'><strong>uiciosissime</strong></span> <span class='ocrx_word' id='word_1_398' title='bbox 1600 2812 1641 2847; x_wconf 88' lang='lat' dir='ltr'><em>H</em></span> 
     </span>
     <span class='ocr_line' id='line_1_41' title="bbox 117 2871 1359 2919; baseline -0.002 -10"><span class='ocrx_word' id='word_1_399' title='bbox 117 2873 288 2909; x_wconf 79' lang='lat' dir='ltr'><strong>uitiosum</strong></span> <span class='ocrx_word' id='word_1_400' title='bbox 315 2876 339 2909; x_wconf 74' lang='grc' dir='ltr'><strong><em>λ</em></strong></span> <span class='ocrx_word' id='word_1_401' title='bbox 437 2873 599 2909; x_wconf 84' lang='lat' dir='ltr'><strong>discendi</strong></span> <span class='ocrx_word' id='word_1_402' title='bbox 625 2873 669 2907; x_wconf 87' lang='lat' dir='ltr'><em>H</em></span> <span class='ocrx_word' id='word_1_403' title='bbox 691 2872 841 2908; x_wconf 82' lang='lat' dir='ltr'><strong>docendi</strong></span> <span class='ocrx_word' id='word_1_404' title='bbox 866 2884 890 2918; x_wconf 78' lang='lat' dir='ltr'><strong>g</strong></span> <span class='ocrx_word' id='word_1_405' title='bbox 965 2873 1006 2907; x_wconf 85' lang='lat'><strong>17</strong></span> <span class='ocrx_word' id='word_1_406' title='bbox 1034 2873 1289 2919; x_wconf 87' lang='lat' dir='ltr'><strong>scripturarum</strong></span> <span class='ocrx_word' id='word_1_407' title='bbox 1317 2871 1359 2905; x_wconf 87' lang='lat' dir='ltr'><em>H</em></span> 
     </span>
    </p>
   </div>
  </div>
 </body>
</html>
