1884 3254
68 1039 103 1067 10

70 1393 105 1420 15

3 1747 108 1783 ¹20

639 259 847 305 Epistula
871 259 990 294 LVIII
1015 259 1134 295 8—10
1416 306 1418 309 v
1570 265 1654 306 539

123 389 311 442 positum
345 390 422 431 est.
459 388 594 430 turbis
629 388 815 431 saluator
844 388 886 430 in
918 389 1129 443 parabolis
1159 389 1412 444 loquebatur
1444 392 1486 431 et
1518 394 1655 432 conte-

125 462 242 502 stans
263 459 487 513 mysticum
510 471 616 515 esse,
638 459 749 513 quod
769 458 1001 510 dicebatur,
1023 459 1179 502 aiebat:
1202 460 1291 514 qui
1318 460 1480 503 habet
1499 473 1655 503 aures

125 530 393 581 audiendi,
427 529 622 572 audiat.
655 530 738 572 nisi
765 532 909 584 aperta
933 530 1092 573 fuerint
1123 530 1333 582 uniuersa,
1367 544 1474 585 quae
1501 531 1657 586 scripta

126 603 238 653 sunt,
271 602 321 643 ab
355 613 416 652 eo,
459 601 546 656 qui
585 601 747 643 habet
785 601 989 644 clauem
1031 602 1218 652 Dauid,
1265 602 1352 655 qui
1391 602 1567 657 aperit
1607 605 1657 644 et

125 685 271 714 nemo
299 671 486 724 cludit,
519 671 697 714 cludit
722 674 776 713 et
802 684 947 714 nemo
976 673 1167 727 aperit,
1195 673 1311 715 nullo
1339 673 1419 715 alio
1446 675 1657 715 reserante

124 742 367 797 pandentur.
405 742 442 785 si
474 742 649 784 haberes
681 742 760 785 hoc
793 742 1128 793 fundamentum,
1160 743 1290 786 immo
1324 744 1444 798 quasi
1477 745 1659 786 extrema

124 825 273 856 manus
310 813 352 854 in
390 814 463 855 tuo
503 825 625 867 opere
664 813 899 865 duceretur,
939 814 1039 856 nihil
1078 814 1311 868 pulchrius,
1350 814 1456 856 nihil
1493 813 1658 856 doctius

124 883 310 937 nihilque
343 883 532 926 Latinius
564 883 652 926 tuis
684 884 937 927 haberemus
970 885 1274 928 uoluminibus.

189 955 255 996 10.
298 954 585 997 Tertullianus
625 955 766 997 creber
804 957 870 998 est
906 956 947 997 in
990 956 1224 1007 sententiis,
1269 956 1344 998 sed
1387 956 1573 998 difficilis
1616 956 1659 997 in

125 1024 347 1078 loquendo.
374 1025 523 1067 beatus
546 1024 776 1080 Cyprianus
802 1026 933 1068 instar
957 1026 1086 1068 fontis
1107 1026 1324 1081 purissimi
1345 1026 1482 1068 dulcis
1502 1026 1660 1068 incedit

127 1097 170 1136 et
200 1095 392 1149 placidus
426 1097 480 1146 et,
520 1108 618 1138 cum
650 1097 766 1138 totus
800 1096 855 1139 sit
886 1097 927 1138 in
959 1097 1244 1140 exhortatione
1276 1097 1498 1148 uirtutum,
1539 1108 1659 1139 occu-

126 1168 251 1220 patus
295 1167 599 1220 persecutionis
644 1167 850 1223 angustiis
901 1168 1130 1223 scripturas
1182 1168 1346 1210 diuinas
1396 1180 1659 1222 nequaquam

114 1234 342 1280 disseruit.
366 1237 511 1280 inclito
539 1237 782 1281 Uictorinus
807 1239 1006 1294 martyrio
1034 1241 1269 1290 coronatus,
1297 1239 1411 1293 quod
1435 1238 1658 1292 intellegit,

129 1308 277 1364 eloqui·
294 1321 374 1350 non
401 1310 554 1361 potest.
580 1308 839 1359 Lactantius,
867 1309 988 1362 quasi
1015 1309 1184 1363 quidam
1210 1309 1367 1352 fluuius
1395 1308 1660 1363 eloquentiae

128 1378 361 1429 Tullianae,
392 1379 553 1420 utinam
584 1381 672 1421 tam
704 1383 848 1422 nostra
879 1379 1096 1422 adfirmare
1128 1380 1353 1434 potuisset,
1387 1393 1513 1434 quam
1538 1379 1659 1422 facile
1719 1418 1721 1421 ,

129 1449 265 1491 aliena
296 1448 520 1491 destruxit!
552 1448 764 1492 Arnobius
795 1449 1032 1504 inaequalis
1065 1451 1108 1491 et
1138 1449 1293 1491 nimius
1327 1451 1392 1491 est
1423 1451 1465 1491 et
1502 1449 1660 1503 absque

133 1520 268 1574 operis
319 1520 386 1562 sui
435 1508 659 1574 partitione
711 1520 926 1562 confusus.
983 1522 1152 1562 sanctus
1203 1520 1390 1562 Hilarius
1442 1519 1659 1563 Gallicano

133 1593 305 1633 coturno
339 1589 559 1632 adtollitur
590 1592 645 1640 et,
679 1603 775 1633 cum
809 1579 1010 1633 Graeciae
1047 1590 1220 1634 floribus
1253 1590 1490 1642 adornetur,
1521 1589 1660 1645 longis

131 1661 341 1703 interdum
380 1659 563 1714 periodis
601 1660 837 1702 inuoluitur
874 1662 916 1702 et
953 1673 977 1702 a
1013 1660 1194 1702 lectione
1241 1660 1546 1714 simpliciorum
1584 1660 1662 1701 fra-

131 1734 244 1774 trum
282 1732 428 1785 procul
473 1733 550 1773 est.
595 1733 714 1774 taceo
760 1731 810 1773 de
855 1731 1004 1773 ceteris
1048 1731 1118 1773 uel
1162 1731 1373 1774 defunctis
1417 1731 1488 1774 uel
1526 1731 1661 1773 adhuc

132 1802 393 1853 uiuentibus,
439 1814 563 1856 super
606 1802 760 1856 quibus
803 1802 846 1844 in
884 1805 1106 1856 utramque
1143 1803 1305 1855 partem
1345 1805 1441 1856 post
1478 1815 1552 1845 nos
1591 1802 1663 1844 alii

131 1873 390 1915 iudicabunt.

254 2060 270 2093 1
300 2058 344 2094 cf.
370 2058 500 2094 Matth.
529 2058 583 2102 13,
612 2058 749 2093 10-16
777 2060 845 2093 etc.
918 2058 940 2092 2
966 2058 1050 2092 Luc.
1078 2058 1111 2099 8,
1136 2058 1158 2092 8
1231 2059 1253 2092 4
1279 2057 1390 2103 Apoc.
1418 2058 1450 2101 3,
1480 2058 1499 2092 7

185 2202 199 2235 l
229 2200 296 2245 est]
324 2200 372 2235 sit
397 2200 420 2235 k
503 2199 665 2244 loquitur
694 2199 726 2233 Φ
798 2198 820 2232 2
847 2198 1028 2233 misticum
1053 2197 1160 2233 ΡΦΒ
1245 2197 1389 2233 dicebat
1415 2197 1459 2232 N
1539 2196 1661 2242 aiege-

135 2260 198 2294 bat
228 2260 260 2294 Φ
368 2260 389 2293 5
415 2258 530 2294 cludit
554 2262 708 2304 utroque
734 2257 812 2293 loco
837 2257 873 2291 P
897 2256 1034 2292 claudit
1059 2259 1121 2292 cet.
1220 2256 1242 2292 6
1267 2256 1375 2291 immo
1403 2255 1473 2290 PB
1498 2255 1606 2290 immo
1633 2255 1663 2290 si

136 2319 198 2361 (im
225 2318 339 2363 moysi
364 2318 417 2361 D)
443 2321 506 2353 cet.
605 2317 624 2351 7
652 2316 690 2351 in
715 2319 778 2351 tuo
806 2327 952 2362 corpore
980 2326 1085 2361 opere
1111 2315 1147 2350 Β
1172 2315 1271 2361 operi
1297 2317 1359 2350 tuo
1385 2326 1409 2360 g
1517 2314 1663 2350 reduce-

136 2380 234 2413 retur
258 2378 333 2413 DB
357 2377 588 2412 induceretur
611 2387 635 2420 ς
754 2375 914 2422 pulcrius
939 2374 1054 2409 DNB
1169 2374 1325 2420 doctius]
1354 2373 1440 2409 add.
1466 2373 1558 2409 nihil
1585 2373 1663 2408 dul·

138 2437 212 2472 cius
236 2448 261 2481 g
356 2435 378 2471 8
403 2435 538 2470 latinus
569 2436 601 2469 Φ
673 2435 693 2469 9
720 2434 938 2469 tertulianus
967 2434 1000 2468 Φ
1080 2434 1123 2470 10
1149 2433 1326 2479 ciprianus
1352 2432 1411 2468 ch
1486 2433 1526 2468 11
1555 2432 1662 2478 plac.]

138 2495 226 2531 add.
263 2497 318 2530 est
349 2495 371 2529 k
522 2495 631 2529 exort.
665 2493 906 2528 Pa.c.D‹1>kB
942 2493 1078 2527 hexort.
1110 2491 1154 2527 N
1294 2492 1338 2526 12
1376 2491 1663 2537 persecutionum

136 2555 197 2599 Bp
212 2565 239 2590 c.
361 2554 405 2588 de
436 2553 621 2599 scripturis
655 2552 787 2587 diuinis
817 2563 841 2596 g
963 2552 1005 2587 13
1039 2551 1237 2586 uicturinus
1274 2552 1306 2585 Φ
1436 2549 1597 2584 martirio
1629 2549 1665 2583 Β

139 2614 183 2648 15
207 2613 368 2658 potuisse
393 2613 429 2647 B
504 2613 546 2647 16
573 2611 713 2647 alienae
744 2612 775 2645 Φ
871 2610 1041 2646 distruxit
1069 2612 1101 2645 Φ
1127 2609 1307 2646 dextruxit
1332 2610 1371 2645 D
1468 2611 1523 2643 est
1549 2619 1615 2643 om.
1641 2619 1666 2652 ς

141 2673 182 2707 17
208 2672 487 2718 participacione
507 2671 675 2716 Bp.c.m2
778 2669 948 2706 confusus
976 2673 1033 2706 est
1055 2671 1087 2704 Φ
1194 2669 1351 2714 hylarius
1377 2668 1456 2702 DN
1480 2667 1604 2702 ilarius
1629 2667 1665 2702 B

139 2732 184 2767 18
210 2731 383 2766 cothurno
409 2742 433 2776 S
540 2729 690 2765 adornet
715 2730 737 2764 k
835 2729 878 2764 19
904 2729 1086 2775 perhiodis
1117 2729 1149 2762 Φ
1256 2727 1471 2773 simplicium
1497 2726 1666 2771 Bp.c.m2

139 2791 184 2825 20
217 2790 281 2825 alt.
315 2789 387 2835 uel]
423 2789 509 2824 add.
543 2789 653 2824 etiam
684 2788 918 2832 Dk‚Bs.z.m2
1108 2787 1151 2821 21
1186 2797 1292 2832 supra
1318 2786 1353 2820 P
1512 2787 1664 2830 utraque

139 2851 240 2894 parte
266 2848 344 2883 ΡΝ
