1884 3254
204 297 291 339 602
750 289 901 325 Sancti
927 286 1183 332 Hieronymi

207 424 490 480 perstringens
528 422 688 476 fulgore
722 420 867 462 oculos
899 418 941 459 in
974 416 1145 459 modum
1179 414 1492 465 caracallarum,
1530 414 1605 456 sed
1634 414 1727 456 abs-

207 508 287 550 que
326 492 516 536 cucullis.
555 493 699 533 contra
735 490 883 543 pectus
922 486 1028 528 nihil
1063 486 1225 527 textum
1263 486 1330 526 est
1360 486 1404 526 et
1432 484 1552 526 locus
1583 484 1726 526 futuro

206 563 398 607 rationali
438 561 674 603 derelictus.
712 559 754 600 in
792 560 971 611 utroque
1008 567 1152 597 umero
1184 554 1313 596 habet
1341 553 1532 608 singulos
1568 553 1729 607 lapides
1806 575 1808 577 v

207 636 348 677 clusos
388 635 429 674 et
467 630 692 673 adstrictos
730 641 844 678 auro,
886 627 958 681 qui
994 625 1200 668 Hebraice
1237 626 1443 667 uocantur
1484 627 1645 675 ‘soom’,
1676 625 1727 667 ab

206 703 359 757 Aquila
397 704 439 744 et
470 699 720 756 Symmacho
759 701 802 740 et
832 696 1118 740 Theodotione
1151 694 1360 750 onychini,
1397 708 1422 737 a
1453 693 1728 749 Septuaginta
1768 706 1787 736 5

207 772 435 828 zmaragdi,
480 770 686 839 Iosephus
736 767 1017 822 sardonychas
1061 767 1187 808 uocat
1230 778 1326 807 cum
1369 765 1562 807 Hebraeo
1603 764 1730 818 Aqui-

201 844 330 897 vlaque
363 841 641 888 consentiens,
674 841 723 882 ut
748 839 817 881 uel
843 838 1025 880 colorem
1051 836 1240 891 lapidum
1265 835 1336 877 uel
1360 835 1538 889 patriam
1563 835 1731 877 demon·

207 915 369 956 straimet
400 914 443 955 in
476 911 654 967 singulis
685 909 898 964 lapidibus
931 920 1032 950 sena
1061 906 1392 961 patriarcharum
1422 905 1591 948 nomina
1615 907 1730 955 sunt,

207 985 362 1039 quibus
393 982 681 1025 Israheliticus
718 979 901 1035 populus
939 978 1162 1020 diuiditur:
1200 977 1242 1018 in
1283 976 1423 1019 dextro
1462 988 1605 1018 umero
1643 988 1730 1018 ma-

206 1055 316 1097 iores
343 1054 419 1095 filii
437 1053 576 1102 Iacob,
602 1053 643 1093 in
667 1051 789 1093 laeuo
816 1049 998 1092 minores
1019 1048 1166 1103 scripti
1186 1037 1298 1098 sunt,
1327 1049 1373 1088 ut
1390 1046 1604 1101 pontifex
1593 1059 1727 1102 ingr-e
1753 1057 1790 1086 ιο

208 1126 325 1167 diens
340 1127 483 1167 sancta
498 1125 737 1166 sanctorum
749 1121 970 1176 populum,
985 1132 1058 1174 pro
1073 1131 1155 1173 quo
1169 1120 1392 1173 rogaturus
1416 1120 1482 1160 est
1500 1117 1729 1168 dominum,

208 1197 348 1250 portet
376 1195 418 1236 in
451 1194 620 1236 umeris.

269 1267 336 1308 16.
389 1264 624 1319 Septimum
671 1262 972 1306 uestimentum
1023 1264 1089 1304 est
1130 1273 1327 1303 mensura
1374 1260 1613 1314 paruulum,
1657 1258 1732 1302 sed

207 1336 373 1379 cunctis
412 1347 537 1389 supra
574 1334 699 1376 dictis
737 1333 956 1392 sacratius.
998 1332 1179 1383 intende,
1221 1343 1392 1385 quaeso,
1431 1330 1630 1382 animum,
1667 1331 1729 1380 ut,

207 1420 314 1462 quae
358 1406 566 1457 dicuntur,
609 1392 843 1460 intellegas.
886 1403 1092 1445 Hebraice
1135 1405 1312 1445 uocatur
1338 1397 1526 1452 “hosen'‚
1571 1400 1729 1444 Graece
1755 1409 1791 1438 1⁵

208 1479 355 1530 λόγων,
399 1489 474 1519 nos
512 1477 712 1519 rationale
750 1481 978 1530 possumus
1017 1474 1240 1528 appellare,
1283 1475 1332 1515 ut
1370 1485 1418 1515 ex
1442 1472 1546 1526 =ipso
1584 1471 1731 1514 statim

208 1548 373 1590 nomine
406 1547 514 1590 scias
545 1546 772 1601 mysticum
805 1558 912 1596 esse,
945 1545 1056 1598 quod
1088 1544 1254 1587 dicitur.
1286 1555 1448 1597 pannus
1480 1544 1546 1584 est
1574 1541 1730 1593 breuis,

329 1695 372 1729 10
399 1694 443 1730 cf.
468 1694 531 1729 Ex.
558 1694 614 1736 28,
644 1694 686 1728 12
834 1686 875 1728 1'3
902 1693 946 1728 cf.
975 1694 1037 1728 Ex.
1063 1693 1120 1736 28,
1157 1692 1305 1727 15—26.
1337 1691 1510 1737 Iosephus
1542 1691 1627 1726 Ant.
1652 1690 1730 1726 Iud.

209 1752 265 1788 111
292 1753 325 1797 7,
351 1753 372 1786 5

257 1869 273 1903 1
301 1868 568 1913 praestringens
594 1867 634 1902 11
737 1867 787 1901 im
811 1866 927 1901 ΗΕΦ
1023 1867 1045 1901 2
1072 1868 1278 1902 contextum
1305 1866 1416 1901 HDB
1525 1865 1575 1911 et]
1602 1866 1666 1901 sed
1689 1866 1732 1901 in

206 1938 279 1962 ras.
305 1927 341 1961 Β
460 1926 683 1961 locus—der.
709 1936 777 1961 om.
802 1925 917 1960 ΗΒΦ
1049 1926 1070 1960 3
1095 1924 1307 1960 rationabili
1330 1924 1373 1959 K
1489 1924 1541 1970 in]
1569 1926 1607 1960 et
1630 1925 1669 1960 in
1692 1925 1732 1960 D

207 1989 376 2030 utrosque
406 1984 514 2020 Kam.
610 1984 722 2020 habet
758 1985 907 2020 humero
940 1984 980 2019 II
1072 1984 1219 2019 humero
1253 1983 1401 2019 ΠΒΦΒ
1495 1985 1518 2018 4
1543 1983 1684 2019 clausos
1707 1995 1732 2029 g

206 2043 415 2079 hebraeicae
440 2043 484 2078 K
505 2043 653 2088 ebrayce
678 2043 714 2078 B
810 2043 977 2078 dicuntur
1001 2054 1025 2087 g
1097 2043 1118 2077 5
1138 2053 1198 2087 pr.
1226 2044 1262 2077 et
1286 2053 1380 2077 eras.
1407 2043 1440 2076 Φ
1535 2042 1730 2077 simmacho

205 2103 245 2139 D
275 2104 443 2137 simmaco
475 2102 511 2137 B
542 2102 757 2137 simmachos
791 2103 824 2136 Φ
854 2102 1031 2137 simachos
1063 2102 1142 2146 (alt.
1174 2113 1190 2136 s
1221 2103 1329 2145 eras.)
1361 2101 1399 2136 Π
1544 2101 1728 2136 theodosi-

205 2172 273 2196 one
294 2161 331 2196 11
350 2161 565 2195 teudocione
591 2161 627 2195 B
747 2159 956 2196 ONYKINI
979 2160 1019 2195 D
1045 2159 1264 2196 ONVchINI
1287 2160 1324 2194 Β
1349 2159 1481 2195 onicini
1506 2171 1550 2195 ex
1575 2160 1670 2195 ocini
1698 2160 1731 2194 Φ

206 2220 242 2265 a]
277 2222 313 2254 et
345 2220 381 2254 11
497 2220 519 2254 6
545 2218 725 2254 zmaraddi
750 2220 787 2254 B
812 2218 993 2265 smaragdi
1018 2219 1150 2263 ΚΠΦ,·
1175 2218 1262 2255 add.
1287 2218 1553 2253 transferuntur
1576 2218 1730 2254 KIIDB

205 2278 398 2324 iosepphus
430 2280 461 2312 Φ
484 2279 653 2324 ioseppus
678 2279 722 2312 H
795 2278 1028 2314 sardonichas
1053 2278 1089 2314 R
1115 2277 1322 2313 sardonicas
1348 2277 1459 2313 HDB
1484 2277 1728 2313 sardonicinas

209 2338 242 2372 Φ
267 2337 443 2372 sardinius
469 2338 522 2381 (iu
548 2348 591 2372 ex
616 2338 653 2380 u)
677 2337 721 2371 K
796 2338 816 2372 7
843 2337 962 2383 patria
986 2337 1030 2371 K
1052 2337 1206 2383 patriam
1233 2337 1277 2372 de
1302 2337 1422 2383 patria
1446 2335 1512 2382 (4,
1540 2336 1585 2371 de
1609 2335 1729 2382 patria

205 2395 274 2431 del.
299 2396 412 2438 mali)
442 2395 552 2430 HDB
671 2397 692 2431 8
718 2395 771 2441 in]
800 2398 837 2431 ct
861 2397 967 2441 (eras.
994 2395 1056 2439 K)
1074 2396 1112 2430 in
1136 2395 1291 2431 KIIDB
1409 2394 1510 2440 sena]
1536 2405 1600 2430 eeu
1629 2395 1728 2440 ΦΡ.σ.

206 2454 464 2500 patriarcarum
494 2455 561 2489 ΦΒ
635 2456 718 2489 sunt
743 2466 836 2489 nom.
862 2455 898 2489 B
953 2455 974 2490 9
999 2454 1163 2490 istrahel.
1190 2454 1231 2488 K
1254 2453 1375 2489 israel.
1404 2454 1472 2488 ΦΒ
1544 2453 1669 2488 dextra
1697 2454 1730 2488 Φ

205 2514 352 2548 humero
380 2513 490 2548 ΗΠΒ
514 2524 598 2548 uero
629 2514 660 2548 Φ
821 2514 861 2549 11
890 2514 927 2549 in
953 2516 1078 2549 sancta
1102 2512 1143 2547 K
1318 2513 1492 2559 populum
1517 2513 1562 2547 K
1581 2513 1729 2548 nomina

205 2572 340 2617 (omina
364 2584 407 2607 ex
431 2573 552 2607 omnia
578 2573 627 2613 Π)
654 2573 778 2618 populi
804 2577 866 2608 cet.
965 2573 1010 2608 do
1037 2573 1081 2608 K
1175 2573 1218 2607 12
1243 2572 1341 2607 hum.
1367 2572 1442 2607 ΠΒ
1539 2572 1584 2608 14
1608 2571 1726 2607 animo

207 2631 399 2675 Hp.c.D,B
425 2639 459 2674 (ο
484 2632 526 2666 in
550 2642 624 2666 ras.
650 2633 725 2675 m2)
753 2631 872 2666 anima
901 2633 933 2666 Φ
1028 2633 1070 2666 ut
1093 2632 1135 2667 in
1157 2642 1232 2667 ras.
1257 2631 1366 2675 m2B,
1392 2641 1460 2666 om.
1490 2632 1524 2665 Φ
1595 2631 1638 2665 15
1663 2630 1727 2665 he-

205 2690 322 2724 breice
353 2691 385 2724 Φ
409 2690 618 2725 hebraeicae
642 2690 687 2725 K
767 2693 943 2725 uocantur
967 2690 1044 2727 HR
1128 2701 1213 2726 osen
1238 2689 1315 2725 DB
1338 2690 1446 2724 liosin
1469 2689 1514 2724 K
1598 2699 1727 2735 grecae

205 2748 250 2789 R,
278 2759 343 2785 om.
370 2749 423 2792 B;
450 2748 535 2783 add.
562 2752 682 2784 autem
706 2761 730 2794 g
839 2749 882 2784 16
907 2749 1032 2795 logion
1056 2748 1133 2784 ΚΦ
1251 2751 1293 2784 ut
1317 2759 1361 2784 ex
1385 2750 1422 2783 et
1447 2748 1487 2783 11
1601 2747 1726 2783 statim

206 2816 250 2841 ex
280 2810 351 2841 tam
382 2807 420 2841 Π
447 2809 531 2852 (seq.
564 2818 637 2842 ras.
667 2810 690 2850 3
722 2808 807 2850 litt.)
915 2808 956 2842 17
983 2808 1138 2843 sciamus
1174 2809 1206 2842 Φ
1305 2806 1449 2842 braeuis
1473 2806 1516 2841 H
1520 2820 1534 2850 ,·
1565 2806 1653 2841 add.
1684 2817 1726 2841 ex

208 2865 448 2908 HDJistae
