<?xml version="1.0" encoding="UTF-8"?>
<!DOCTYPE html PUBLIC "-//W3C//DTD XHTML 1.0 Transitional//EN"
    "http://www.w3.org/TR/xhtml1/DTD/xhtml1-transitional.dtd">
<html xmlns="http://www.w3.org/1999/xhtml" xml:lang="en" lang="en">
 <head>
  <title>
</title>
<meta http-equiv="Content-Type" content="text/html;charset=utf-8" />
  <meta name='ocr-system' content='tesseract 3.04.00' />
  <meta name='ocr-capabilities' content='ocr_page ocr_carea ocr_par ocr_line ocrx_word'/>
</head>
<body>
  <div class='ocr_page' id='page_1' title='image "./corpusscriptorum54stuoft_0497.png"; bbox 0 0 1884 3254; ppageno 0'>
   <div class='ocr_carea' id='block_1_1' title="bbox 594 306 1597 352">
    <p class='ocr_par' dir='ltr' id='par_1_1' title="bbox 594 306 1597 352">
     <span class='ocr_line' id='line_1_1' title="bbox 594 306 1597 352; baseline 0.009 -10"><span class='ocrx_word' id='word_1_1' title='bbox 594 306 799 352; x_wconf 82' lang='lat' dir='ltr'><strong>Epistula</strong></span> <span class='ocrx_word' id='word_1_2' title='bbox 824 306 906 342; x_wconf 90' lang='lat' dir='ltr'>LIV</span> <span class='ocrx_word' id='word_1_3' title='bbox 935 306 1072 342; x_wconf 86' lang='lat'>15—16</span> <span class='ocrx_word' id='word_1_4' title='bbox 1513 309 1597 350; x_wconf 85' lang='lat'>483</span> 
     </span>
    </p>
   </div>
   <div class='ocr_carea' id='block_1_2' title="bbox 0 435 1600 2127">
    <p class='ocr_par' dir='ltr' id='par_1_2' title="bbox 70 435 1600 492">
     <span class='ocr_line' id='line_1_2' title="bbox 70 435 1600 492; baseline 0.001 -14"><span class='ocrx_word' id='word_1_5' title='bbox 70 447 290 478; x_wconf 88' lang='lat' dir='ltr'>nouercam</span> <span class='ocrx_word' id='word_1_6' title='bbox 324 435 617 478; x_wconf 86' lang='lat' dir='ltr'>saeuissimam</span> <span class='ocrx_word' id='word_1_7' title='bbox 650 435 956 478; x_wconf 83' lang='lat' dir='ltr'>declamabunt.</span> <span class='ocrx_word' id='word_1_8' title='bbox 994 435 1031 479; x_wconf 91' lang='lat' dir='ltr'>si</span> <span class='ocrx_word' id='word_1_9' title='bbox 1062 435 1284 492; x_wconf 84' lang='lat' dir='ltr'>priuignus</span> <span class='ocrx_word' id='word_1_10' title='bbox 1316 436 1527 492; x_wconf 87' lang='lat' dir='ltr'>languerit</span> <span class='ocrx_word' id='word_1_11' title='bbox 1559 440 1600 479; x_wconf 86' lang='lat' dir='ltr'>et</span> 
     </span>
    </p>

    <p class='ocr_par' dir='ltr' id='par_1_3' title="bbox 70 506 1598 560">
     <span class='ocr_line' id='line_1_3' title="bbox 70 506 1598 560; baseline 0 -10"><span class='ocrx_word' id='word_1_12' title='bbox 70 506 331 550; x_wconf 80' lang='lat' dir='ltr'>condoluerit</span> <span class='ocrx_word' id='word_1_13' title='bbox 374 508 513 560; x_wconf 88' lang='lat' dir='ltr'>caput,</span> <span class='ocrx_word' id='word_1_14' title='bbox 563 506 831 550; x_wconf 80' lang='lat' dir='ltr'><strong>infamaberis</strong></span> <span class='ocrx_word' id='word_1_15' title='bbox 876 509 923 549; x_wconf 89' lang='lat' dir='ltr'>ut</span> <span class='ocrx_word' id='word_1_16' title='bbox 965 507 1165 550; x_wconf 90' lang='lat' dir='ltr'>uenefica.</span> <span class='ocrx_word' id='word_1_17' title='bbox 1216 507 1252 550; x_wconf 92' lang='lat' dir='ltr'>si</span> <span class='ocrx_word' id='word_1_18' title='bbox 1301 519 1382 550; x_wconf 90' lang='lat' dir='ltr'>non</span> <span class='ocrx_word' id='word_1_19' title='bbox 1432 507 1598 550; x_wconf 90' lang='lat' dir='ltr'>dederis</span> 
     </span>
    </p>

    <p class='ocr_par' dir='ltr' id='par_1_4' title="bbox 70 577 1599 634">
     <span class='ocr_line' id='line_1_4' title="bbox 70 577 1599 634; baseline 0.001 -14"><span class='ocrx_word' id='word_1_20' title='bbox 70 578 199 628; x_wconf 88' lang='lat' dir='ltr'>cibos,</span> <span class='ocrx_word' id='word_1_21' title='bbox 251 577 448 627; x_wconf 89' lang='lat' dir='ltr'>crudelis,</span> <span class='ocrx_word' id='word_1_22' title='bbox 496 577 533 620; x_wconf 91' lang='lat' dir='ltr'>si</span> <span class='ocrx_word' id='word_1_23' title='bbox 584 577 762 628; x_wconf 90' lang='lat' dir='ltr'>dederis,</span> <span class='ocrx_word' id='word_1_24' title='bbox 813 578 1004 621; x_wconf 83' lang='lat' dir='ltr'>malefica</span> <span class='ocrx_word' id='word_1_25' title='bbox 1054 578 1218 621; x_wconf 85' lang='lat' dir='ltr'>diceris.</span> <span class='ocrx_word' id='word_1_26' title='bbox 1268 591 1339 622; x_wconf 93' lang='lat' dir='ltr'>oro</span> <span class='ocrx_word' id='word_1_27' title='bbox 1390 581 1446 630; x_wconf 79' lang='lat' dir='ltr'>te,</span> <span class='ocrx_word' id='word_1_28' title='bbox 1497 580 1599 634; x_wconf 89' lang='lat' dir='ltr'>quid</span> 
     </span>
    </p>

    <p class='ocr_par' dir='ltr' id='par_1_5' title="bbox 13 639 1600 774">
     <span class='ocr_line' id='line_1_5' title="bbox 68 639 1600 704; baseline 0.002 -14"><span class='ocrx_word' id='word_1_29' title='bbox 68 648 224 691; x_wconf 86' lang='lat' dir='ltr'>habent</span> <span class='ocrx_word' id='word_1_30' title='bbox 255 639 419 691; x_wconf 87' lang='lat' dir='ltr'>tantum</span> <span class='ocrx_word' id='word_1_31' title='bbox 451 648 549 690; x_wconf 91' lang='lat' dir='ltr'>boni</span> <span class='ocrx_word' id='word_1_32' title='bbox 582 648 789 691; x_wconf 88' lang='lat' dir='ltr'>secundae</span> <span class='ocrx_word' id='word_1_33' title='bbox 826 649 1012 704; x_wconf 86' lang='lat' dir='ltr'>nuptiae,</span> <span class='ocrx_word' id='word_1_34' title='bbox 1054 652 1104 692; x_wconf 94' lang='lat' dir='ltr'>ut</span> <span class='ocrx_word' id='word_1_35' title='bbox 1140 650 1244 693; x_wconf 91' lang='lat' dir='ltr'>haec</span> <span class='ocrx_word' id='word_1_36' title='bbox 1280 651 1392 692; x_wconf 88' lang='lat' dir='ltr'>mala</span> <span class='ocrx_word' id='word_1_37' title='bbox 1428 651 1600 693; x_wconf 90' lang='lat' dir='ltr'>ualeant</span> 
     </span>
     <span class='ocr_line' id='line_1_6' title="bbox 13 721 351 774; baseline 0.003 -14"><span class='ocrx_word' id='word_1_38' title='bbox 13 731 43 760; x_wconf 72' lang='grc'>-5</span> <span class='ocrx_word' id='word_1_39' title='bbox 69 721 351 774; x_wconf 79' lang='lat' dir='ltr'>conpensare?</span> 
     </span>
    </p>

    <p class='ocr_par' dir='ltr' id='par_1_6' title="bbox 63 789 1597 1060">
     <span class='ocr_line' id='line_1_7' title="bbox 128 789 1596 847; baseline 0.001 -14"><span class='ocrx_word' id='word_1_40' title='bbox 128 789 195 833; x_wconf 89' lang='grc'>16.</span> <span class='ocrx_word' id='word_1_41' title='bbox 234 789 445 833; x_wconf 89' lang='lat' dir='ltr'>Uolumus</span> <span class='ocrx_word' id='word_1_42' title='bbox 486 789 606 839; x_wconf 87' lang='lat' dir='ltr'>scire,</span> <span class='ocrx_word' id='word_1_43' title='bbox 646 790 793 844; x_wconf 87' lang='lat' dir='ltr'>quales</span> <span class='ocrx_word' id='word_1_44' title='bbox 831 802 924 833; x_wconf 90' lang='lat' dir='ltr'>esse</span> <span class='ocrx_word' id='word_1_45' title='bbox 963 790 1143 833; x_wconf 90' lang='lat' dir='ltr'>debeant</span> <span class='ocrx_word' id='word_1_46' title='bbox 1179 790 1363 834; x_wconf 80' lang='lat' dir='ltr'>uiduae?</span> <span class='ocrx_word' id='word_1_47' title='bbox 1403 791 1596 847; x_wconf 88' lang='lat' dir='ltr'>legamus</span> 
     </span>
     <span class='ocr_line' id='line_1_8' title="bbox 67 860 1597 918; baseline 0.001 -14"><span class='ocrx_word' id='word_1_48' title='bbox 67 860 333 918; x_wconf 85' lang='lat' dir='ltr'>euangelium</span> <span class='ocrx_word' id='word_1_49' title='bbox 372 860 606 903; x_wconf 87' lang='lat' dir='ltr'>seeundum</span> <span class='ocrx_word' id='word_1_50' title='bbox 643 861 820 903; x_wconf 85' lang='lat' dir='ltr'>Lucam:</span> <span class='ocrx_word' id='word_1_51' title='bbox 862 863 913 904; x_wconf 90' lang='lat' dir='ltr'>et</span> <span class='ocrx_word' id='word_1_52' title='bbox 950 864 1078 910; x_wconf 88' lang='lat' dir='ltr'>erat,</span> <span class='ocrx_word' id='word_1_53' title='bbox 1116 862 1266 916; x_wconf 89' lang='lat' dir='ltr'>inquit,</span> <span class='ocrx_word' id='word_1_54' title='bbox 1304 863 1449 905; x_wconf 89' lang='lat' dir='ltr'>Anna</span> <span class='ocrx_word' id='word_1_55' title='bbox 1487 876 1597 917; x_wconf 92' lang='lat' dir='ltr'>pro-</span> 
     </span>
     <span class='ocr_line' id='line_1_9' title="bbox 65 931 1597 988; baseline 0.001 -14"><span class='ocrx_word' id='word_1_56' title='bbox 65 932 329 987; x_wconf 85' lang='lat' dir='ltr'>phetissa,</span> <span class='ocrx_word' id='word_1_57' title='bbox 368 931 494 974; x_wconf 88' lang='lat' dir='ltr'>filia</span> <span class='ocrx_word' id='word_1_58' title='bbox 525 932 765 975; x_wconf 87' lang='lat' dir='ltr'>Phanuel</span> <span class='ocrx_word' id='word_1_59' title='bbox 797 933 856 975; x_wconf 90' lang='lat' dir='ltr'>de</span> <span class='ocrx_word' id='word_1_60' title='bbox 887 933 1037 975; x_wconf 91' lang='lat' dir='ltr'>tribu</span> <span class='ocrx_word' id='word_1_61' title='bbox 1068 933 1211 976; x_wconf 86' lang='lat' dir='ltr'>Aser.</span> <span class='ocrx_word' id='word_1_62' title='bbox 1249 933 1367 976; x_wconf 90' lang='lat' dir='ltr'>Anna</span> <span class='ocrx_word' id='word_1_63' title='bbox 1397 934 1597 988; x_wconf 88' lang='lat' dir='ltr'>interpre-</span> 
     </span>
     <span class='ocr_line' id='line_1_10' title="bbox 63 1003 1595 1060; baseline 0.001 -14"><span class='ocrx_word' id='word_1_64' title='bbox 63 1006 179 1046; x_wconf 91' lang='lat' dir='ltr'>tatur</span> <span class='ocrx_word' id='word_1_65' title='bbox 215 1003 391 1060; x_wconf 85' lang='lat' dir='ltr'>‘gratia&#39;,</span> <span class='ocrx_word' id='word_1_66' title='bbox 423 1003 613 1046; x_wconf 83' lang='lat' dir='ltr'>Phanuel</span> <span class='ocrx_word' id='word_1_67' title='bbox 643 1004 686 1046; x_wconf 90' lang='lat' dir='ltr'>in</span> <span class='ocrx_word' id='word_1_68' title='bbox 716 1004 864 1060; x_wconf 87' lang='lat' dir='ltr'>lingua</span> <span class='ocrx_word' id='word_1_69' title='bbox 900 1006 1044 1047; x_wconf 90' lang='lat' dir='ltr'>nostra</span> <span class='ocrx_word' id='word_1_70' title='bbox 1080 1006 1249 1047; x_wconf 87' lang='lat' dir='ltr'>resonat</span> <span class='ocrx_word' id='word_1_71' title='bbox 1278 1005 1461 1047; x_wconf 87' lang='lat' dir='ltr'>‘uultum</span> <span class='ocrx_word' id='word_1_72' title='bbox 1501 1004 1595 1055; x_wconf 85' lang='lat' dir='ltr'>dei’,</span> 
     </span>
    </p>

    <p class='ocr_par' dir='ltr' id='par_1_7' title="bbox 0 1075 1596 2127">
     <span class='ocr_line' id='line_1_11' title="bbox 4 1075 1595 1132; baseline 0.001 -16"><span class='ocrx_word' id='word_1_73' title='bbox 4 1081 40 1116; x_wconf 83' lang='lat'>10</span> <span class='ocrx_word' id='word_1_74' title='bbox 65 1075 173 1118; x_wconf 85' lang='lat' dir='ltr'>Aser</span> <span class='ocrx_word' id='word_1_75' title='bbox 202 1075 273 1117; x_wconf 92' lang='lat' dir='ltr'>uel</span> <span class='ocrx_word' id='word_1_76' title='bbox 304 1075 347 1117; x_wconf 91' lang='lat' dir='ltr'>in</span> <span class='ocrx_word' id='word_1_77' title='bbox 379 1075 714 1118; x_wconf 86' lang='lat' dir='ltr'>‘beatitudinem&#39;</span> <span class='ocrx_word' id='word_1_78' title='bbox 746 1076 816 1118; x_wconf 90' lang='lat' dir='ltr'>uel</span> <span class='ocrx_word' id='word_1_79' title='bbox 840 1076 882 1117; x_wconf 92' lang='lat' dir='ltr'>in</span> <span class='ocrx_word' id='word_1_80' title='bbox 912 1075 1117 1118; x_wconf 80' lang='lat' dir='ltr'>‘diuitias’</span> <span class='ocrx_word' id='word_1_81' title='bbox 1147 1076 1341 1119; x_wconf 90' lang='lat' dir='ltr'>uertitur.</span> <span class='ocrx_word' id='word_1_82' title='bbox 1374 1076 1472 1130; x_wconf 90' lang='lat' dir='ltr'>quia</span> <span class='ocrx_word' id='word_1_83' title='bbox 1497 1089 1595 1132; x_wconf 90' lang='lat' dir='ltr'>ergo</span> 
     </span>
     <span class='ocr_line' id='line_1_12' title="bbox 29 1136 1595 1202; baseline 0.001 -14"><span class='ocrx_word' id='word_1_84' title='bbox 29 1136 33 1141; x_wconf 71' lang='grc'><strong>’</strong></span> <span class='ocrx_word' id='word_1_85' title='bbox 65 1146 115 1189; x_wconf 91' lang='lat' dir='ltr'>ab</span> <span class='ocrx_word' id='word_1_86' title='bbox 147 1145 434 1189; x_wconf 84' lang='lat' dir='ltr'>adulescentia</span> <span class='ocrx_word' id='word_1_87' title='bbox 465 1159 600 1201; x_wconf 90' lang='lat' dir='ltr'>usque</span> <span class='ocrx_word' id='word_1_88' title='bbox 633 1145 685 1188; x_wconf 90' lang='lat' dir='ltr'>ad</span> <span class='ocrx_word' id='word_1_89' title='bbox 716 1146 933 1202; x_wconf 88' lang='lat' dir='ltr'>octoginta</span> <span class='ocrx_word' id='word_1_90' title='bbox 969 1149 1170 1202; x_wconf 92' lang='lat' dir='ltr'>quattuor</span> <span class='ocrx_word' id='word_1_91' title='bbox 1206 1159 1335 1190; x_wconf 87' lang='lat' dir='ltr'>annos</span> <span class='ocrx_word' id='word_1_92' title='bbox 1372 1147 1595 1190; x_wconf 89' lang='lat' dir='ltr'>uiduitatis</span> 
     </span>
     <span class='ocr_line' id='line_1_13' title="bbox 65 1217 1594 1273; baseline 0.001 -14"><span class='ocrx_word' id='word_1_93' title='bbox 65 1229 170 1260; x_wconf 90' lang='lat' dir='ltr'>onus</span> <span class='ocrx_word' id='word_1_94' title='bbox 209 1217 469 1260; x_wconf 85' lang='lat' dir='ltr'>sustinuerat</span> <span class='ocrx_word' id='word_1_95' title='bbox 508 1220 551 1260; x_wconf 88' lang='lat' dir='ltr'>et</span> <span class='ocrx_word' id='word_1_96' title='bbox 587 1230 669 1261; x_wconf 90' lang='lat' dir='ltr'>non</span> <span class='ocrx_word' id='word_1_97' title='bbox 706 1217 930 1261; x_wconf 87' lang='lat' dir='ltr'>recedebat</span> <span class='ocrx_word' id='word_1_98' title='bbox 966 1218 1016 1260; x_wconf 91' lang='lat' dir='ltr'>de</span> <span class='ocrx_word' id='word_1_99' title='bbox 1052 1218 1213 1273; x_wconf 88' lang='lat' dir='ltr'>templo</span> <span class='ocrx_word' id='word_1_100' title='bbox 1253 1218 1321 1260; x_wconf 90' lang='lat' dir='ltr'>dei</span> <span class='ocrx_word' id='word_1_101' title='bbox 1359 1218 1508 1261; x_wconf 90' lang='lat' dir='ltr'>diebus</span> <span class='ocrx_word' id='word_1_102' title='bbox 1547 1230 1594 1260; x_wconf 88' lang='lat' dir='ltr'>ac</span> 
     </span>
     <span class='ocr_line' id='line_1_14' title="bbox 62 1288 1596 1340; baseline 0 -9"><span class='ocrx_word' id='word_1_103' title='bbox 62 1288 256 1331; x_wconf 83' lang='lat' dir='ltr'>noctibus</span> <span class='ocrx_word' id='word_1_104' title='bbox 293 1288 495 1331; x_wconf 87' lang='lat' dir='ltr'>insistens</span> <span class='ocrx_word' id='word_1_105' title='bbox 531 1288 702 1331; x_wconf 87' lang='lat' dir='ltr'>ieiuniis</span> <span class='ocrx_word' id='word_1_106' title='bbox 741 1290 784 1332; x_wconf 89' lang='lat' dir='ltr'>et</span> <span class='ocrx_word' id='word_1_107' title='bbox 821 1289 1195 1340; x_wconf 81' lang='lat' dir='ltr'>obsecrationibus,</span> <span class='ocrx_word' id='word_1_108' title='bbox 1239 1289 1395 1332; x_wconf 88' lang='lat' dir='ltr'>idcirco</span> <span class='ocrx_word' id='word_1_109' title='bbox 1440 1290 1596 1332; x_wconf 89' lang='lat' dir='ltr'>meruit</span> 
     </span>
     <span class='ocr_line' id='line_1_15' title="bbox 63 1358 1593 1415; baseline 0.001 -14"><span class='ocrx_word' id='word_1_110' title='bbox 63 1358 241 1415; x_wconf 87' lang='lat' dir='ltr'>gratiam</span> <span class='ocrx_word' id='word_1_111' title='bbox 273 1359 507 1414; x_wconf 87' lang='lat' dir='ltr'>spiritalem</span> <span class='ocrx_word' id='word_1_112' title='bbox 546 1362 588 1402; x_wconf 90' lang='lat' dir='ltr'>et</span> <span class='ocrx_word' id='word_1_113' title='bbox 625 1362 892 1415; x_wconf 90' lang='lat' dir='ltr'>nuncupatur</span> <span class='ocrx_word' id='word_1_114' title='bbox 933 1359 1021 1402; x_wconf 86' lang='lat' dir='ltr'>filia</span> <span class='ocrx_word' id='word_1_115' title='bbox 1063 1360 1213 1402; x_wconf 89' lang='lat' dir='ltr'>uultus</span> <span class='ocrx_word' id='word_1_116' title='bbox 1259 1359 1327 1402; x_wconf 90' lang='lat' dir='ltr'>dei</span> <span class='ocrx_word' id='word_1_117' title='bbox 1377 1362 1419 1402; x_wconf 87' lang='lat' dir='ltr'>et</span> <span class='ocrx_word' id='word_1_118' title='bbox 1456 1360 1593 1402; x_wconf 89' lang='grc'><strong>6161116</strong></span> 
     </span>
     <span class='ocr_line' id='line_1_16' title="bbox 3 1429 1592 1485; baseline 0.001 -13"><span class='ocrx_word' id='word_1_119' title='bbox 3 1434 40 1472; x_wconf 74' lang='lat' dir='ltr'>is</span> <span class='ocrx_word' id='word_1_120' title='bbox 62 1429 322 1473; x_wconf 86' lang='lat' dir='ltr'>beatitudine</span> <span class='ocrx_word' id='word_1_121' title='bbox 350 1430 597 1485; x_wconf 88' lang='lat' dir='ltr'>diuitiisque</span> <span class='ocrx_word' id='word_1_122' title='bbox 624 1433 831 1474; x_wconf 89' lang='lat' dir='ltr'>censetur.</span> <span class='ocrx_word' id='word_1_123' title='bbox 856 1430 1127 1473; x_wconf 89' lang='lat' dir='ltr'>recordemur</span> <span class='ocrx_word' id='word_1_124' title='bbox 1151 1430 1306 1473; x_wconf 87' lang='lat' dir='ltr'>uiduae</span> <span class='ocrx_word' id='word_1_125' title='bbox 1326 1429 1592 1485; x_wconf 88' lang='lat' dir='ltr'>Sareptenae,</span> 
     </span>
     <span class='ocr_line' id='line_1_17' title="bbox 65 1501 1594 1558; baseline 0.001 -15"><span class='ocrx_word' id='word_1_126' title='bbox 65 1513 171 1556; x_wconf 91' lang='lat' dir='ltr'>quae</span> <span class='ocrx_word' id='word_1_127' title='bbox 209 1503 251 1543; x_wconf 88' lang='lat' dir='ltr'>et</span> <span class='ocrx_word' id='word_1_128' title='bbox 288 1514 388 1544; x_wconf 88' lang='lat' dir='ltr'>suae</span> <span class='ocrx_word' id='word_1_129' title='bbox 433 1503 476 1544; x_wconf 86' lang='lat' dir='ltr'>et</span> <span class='ocrx_word' id='word_1_130' title='bbox 518 1501 702 1545; x_wconf 88' lang='lat' dir='ltr'>filiorum</span> <span class='ocrx_word' id='word_1_131' title='bbox 747 1501 877 1545; x_wconf 89' lang='lat' dir='ltr'>saluti</span> <span class='ocrx_word' id='word_1_132' title='bbox 914 1502 1063 1544; x_wconf 91' lang='lat' dir='ltr'>Heliae</span> <span class='ocrx_word' id='word_1_133' title='bbox 1107 1501 1311 1558; x_wconf 88' lang='lat' dir='ltr'>praetulit</span> <span class='ocrx_word' id='word_1_134' title='bbox 1353 1501 1507 1544; x_wconf 90' lang='lat' dir='ltr'>famem</span> <span class='ocrx_word' id='word_1_135' title='bbox 1552 1504 1594 1544; x_wconf 90' lang='lat' dir='ltr'>et</span> 
     </span>
     <span class='ocr_line' id='line_1_18' title="bbox 62 1572 1594 1628; baseline 0 -14"><span class='ocrx_word' id='word_1_136' title='bbox 62 1572 156 1627; x_wconf 88' lang='lat' dir='ltr'>ipsa</span> <span class='ocrx_word' id='word_1_137' title='bbox 179 1575 301 1615; x_wconf 90' lang='lat' dir='ltr'>nocte</span> <span class='ocrx_word' id='word_1_138' title='bbox 326 1573 531 1616; x_wconf 90' lang='lat' dir='ltr'>moritura</span> <span class='ocrx_word' id='word_1_139' title='bbox 557 1586 653 1616; x_wconf 87' lang='lat' dir='ltr'>cum</span> <span class='ocrx_word' id='word_1_140' title='bbox 678 1573 765 1616; x_wconf 89' lang='lat' dir='ltr'>filio</span> <span class='ocrx_word' id='word_1_141' title='bbox 793 1572 1067 1628; x_wconf 86' lang='lat' dir='ltr'>superstitem</span> <span class='ocrx_word' id='word_1_142' title='bbox 1093 1572 1303 1627; x_wconf 89' lang='lat' dir='ltr'>hospitem</span> <span class='ocrx_word' id='word_1_143' title='bbox 1331 1573 1594 1627; x_wconf 85' lang='lat' dir='ltr'>relinquebat</span> 
     </span>
     <span class='ocr_line' id='line_1_19' title="bbox 61 1642 1592 1700; baseline 0 -14"><span class='ocrx_word' id='word_1_144' title='bbox 61 1644 222 1687; x_wconf 90' lang='lat' dir='ltr'>malens</span> <span class='ocrx_word' id='word_1_145' title='bbox 254 1642 388 1687; x_wconf 91' lang='lat' dir='ltr'>uitam</span> <span class='ocrx_word' id='word_1_146' title='bbox 419 1645 591 1699; x_wconf 89' lang='lat' dir='ltr'>perdere</span> <span class='ocrx_word' id='word_1_147' title='bbox 625 1657 748 1699; x_wconf 91' lang='lat' dir='ltr'>quam</span> <span class='ocrx_word' id='word_1_148' title='bbox 788 1645 1073 1700; x_wconf 84' lang='lat' dir='ltr'>elemosynam</span> <span class='ocrx_word' id='word_1_149' title='bbox 1111 1646 1154 1687; x_wconf 90' lang='lat' dir='ltr'>et</span> <span class='ocrx_word' id='word_1_150' title='bbox 1189 1644 1233 1686; x_wconf 92' lang='lat' dir='ltr'>in</span> <span class='ocrx_word' id='word_1_151' title='bbox 1269 1644 1433 1700; x_wconf 86' lang='lat' dir='ltr'>pugillo</span> <span class='ocrx_word' id='word_1_152' title='bbox 1470 1644 1592 1686; x_wconf 89' lang='lat' dir='ltr'>farris</span> 
     </span>
     <span class='ocr_line' id='line_1_20' title="bbox 62 1714 1593 1770; baseline 0.001 -14"><span class='ocrx_word' id='word_1_153' title='bbox 62 1714 332 1758; x_wconf 84' lang='lat' dir='ltr'>seminarium</span> <span class='ocrx_word' id='word_1_154' title='bbox 371 1715 453 1758; x_wconf 89' lang='lat' dir='ltr'>sibi</span> <span class='ocrx_word' id='word_1_155' title='bbox 490 1717 643 1759; x_wconf 87' lang='lat' dir='ltr'>messis</span> <span class='ocrx_word' id='word_1_156' title='bbox 683 1715 915 1758; x_wconf 88' lang='lat' dir='ltr'>dominicae</span> <span class='ocrx_word' id='word_1_157' title='bbox 951 1715 1234 1770; x_wconf 83' lang='lat' dir='ltr'>praeparauit.</span> <span class='ocrx_word' id='word_1_158' title='bbox 1273 1715 1402 1758; x_wconf 89' lang='lat' dir='ltr'>farina</span> <span class='ocrx_word' id='word_1_159' title='bbox 1439 1716 1593 1758; x_wconf 88' lang='lat' dir='ltr'>seritur</span> 
     </span>
     <span class='ocr_line' id='line_1_21' title="bbox 0 1786 1591 1842; baseline 0.001 -15"><span class='ocrx_word' id='word_1_160' title='bbox 0 1794 37 1827; x_wconf 80' lang='lat'>20</span> <span class='ocrx_word' id='word_1_161' title='bbox 61 1787 104 1828; x_wconf 91' lang='lat' dir='ltr'>et</span> <span class='ocrx_word' id='word_1_162' title='bbox 135 1786 217 1828; x_wconf 92' lang='lat' dir='ltr'>olei</span> <span class='ocrx_word' id='word_1_163' title='bbox 249 1798 446 1841; x_wconf 86' lang='lat' dir='ltr'>capsaces</span> <span class='ocrx_word' id='word_1_164' title='bbox 479 1787 677 1829; x_wconf 89' lang='lat' dir='ltr'>nascitur.</span> <span class='ocrx_word' id='word_1_165' title='bbox 714 1787 756 1828; x_wconf 91' lang='lat' dir='ltr'>in</span> <span class='ocrx_word' id='word_1_166' title='bbox 787 1787 944 1829; x_wconf 91' lang='lat' dir='ltr'>Iudaea</span> <span class='ocrx_word' id='word_1_167' title='bbox 975 1786 1174 1829; x_wconf 88' lang='lat' dir='ltr'>frumenti</span> <span class='ocrx_word' id='word_1_168' title='bbox 1207 1786 1382 1842; x_wconf 89' lang='lat' dir='ltr'>penuria</span> <span class='ocrx_word' id='word_1_169' title='bbox 1416 1810 1465 1816; x_wconf 89' lang='lat'><em>—</em></span> <span class='ocrx_word' id='word_1_170' title='bbox 1501 1799 1591 1842; x_wconf 85' lang='lat' dir='ltr'>gra-</span> 
     </span>
     <span class='ocr_line' id='line_1_22' title="bbox 59 1857 1589 1912; baseline 0 -13"><span class='ocrx_word' id='word_1_171' title='bbox 59 1870 158 1899; x_wconf 90' lang='lat' dir='ltr'>num</span> <span class='ocrx_word' id='word_1_172' title='bbox 190 1858 301 1900; x_wconf 92' lang='lat' dir='ltr'>enim</span> <span class='ocrx_word' id='word_1_173' title='bbox 331 1857 463 1900; x_wconf 90' lang='lat' dir='ltr'>tritici</span> <span class='ocrx_word' id='word_1_174' title='bbox 493 1857 554 1900; x_wconf 92' lang='lat' dir='ltr'>ibi</span> <span class='ocrx_word' id='word_1_175' title='bbox 586 1859 803 1901; x_wconf 91' lang='lat' dir='ltr'>mortuum</span> <span class='ocrx_word' id='word_1_176' title='bbox 833 1858 972 1900; x_wconf 83' lang='lat' dir='ltr'>fuerat</span> <span class='ocrx_word' id='word_1_177' title='bbox 996 1881 1051 1888; x_wconf 88' lang='lat'><em>-</em></span> <span class='ocrx_word' id='word_1_178' title='bbox 1080 1860 1123 1900; x_wconf 91' lang='lat' dir='ltr'>et</span> <span class='ocrx_word' id='word_1_179' title='bbox 1146 1857 1188 1899; x_wconf 89' lang='lat' dir='ltr'>in</span> <span class='ocrx_word' id='word_1_180' title='bbox 1216 1857 1408 1912; x_wconf 88' lang='lat' dir='ltr'>gentium</span> <span class='ocrx_word' id='word_1_181' title='bbox 1433 1857 1589 1900; x_wconf 89' lang='lat' dir='ltr'>uiduae</span> 
     </span>
     <span class='ocr_line' id='line_1_23' title="bbox 60 1928 1591 1985; baseline 0.001 -15"><span class='ocrx_word' id='word_1_182' title='bbox 60 1928 141 1971; x_wconf 91' lang='grc'><strong>0161</strong></span> <span class='ocrx_word' id='word_1_183' title='bbox 171 1928 329 1971; x_wconf 89' lang='lat' dir='ltr'>fluenta</span> <span class='ocrx_word' id='word_1_184' title='bbox 359 1929 596 1971; x_wconf 83' lang='lat' dir='ltr'>manabant.</span> <span class='ocrx_word' id='word_1_185' title='bbox 627 1929 811 1985; x_wconf 87' lang='lat' dir='ltr'>legimus</span> <span class='ocrx_word' id='word_1_186' title='bbox 842 1929 986 1971; x_wconf 87' lang='lat' dir='ltr'>Iudith</span> <span class='ocrx_word' id='word_1_187' title='bbox 1018 1953 1075 1959; x_wconf 90' lang='lat'>—</span> <span class='ocrx_word' id='word_1_188' title='bbox 1108 1928 1145 1970; x_wconf 91' lang='lat' dir='ltr'>si</span> <span class='ocrx_word' id='word_1_189' title='bbox 1177 1928 1246 1970; x_wconf 89' lang='lat' dir='ltr'>cui</span> <span class='ocrx_word' id='word_1_190' title='bbox 1277 1930 1418 1971; x_wconf 83' lang='lat' dir='ltr'>tamen</span> <span class='ocrx_word' id='word_1_191' title='bbox 1449 1928 1591 1982; x_wconf 85' lang='lat' dir='ltr'>placet</span> 
     </span>
     <span class='ocr_line' id='line_1_24' title="bbox 11 1995 1590 2055; baseline -0.001 -13"><span class='ocrx_word' id='word_1_192' title='bbox 11 1995 13 1998; x_wconf 70' lang='grc'><strong>’</strong></span> <span class='ocrx_word' id='word_1_193' title='bbox 60 1999 257 2042; x_wconf 85' lang='grc'><strong>1101111666</strong></span> <span class='ocrx_word' id='word_1_194' title='bbox 276 2000 461 2055; x_wconf 88' lang='lat' dir='ltr'>recipere</span> <span class='ocrx_word' id='word_1_195' title='bbox 481 2024 537 2030; x_wconf 90' lang='lat'><strong>—</strong></span> <span class='ocrx_word' id='word_1_196' title='bbox 550 1999 726 2043; x_wconf 86' lang='lat' dir='ltr'>uiduam</span> <span class='ocrx_word' id='word_1_197' title='bbox 747 1999 979 2043; x_wconf 87' lang='lat' dir='ltr'>confectam</span> <span class='ocrx_word' id='word_1_198' title='bbox 999 1999 1167 2042; x_wconf 90' lang='lat' dir='ltr'>ieiuniis</span> <span class='ocrx_word' id='word_1_199' title='bbox 1189 2001 1231 2042; x_wconf 91' lang='lat' dir='ltr'>et</span> <span class='ocrx_word' id='word_1_200' title='bbox 1249 1999 1398 2042; x_wconf 86' lang='lat' dir='ltr'>habitu</span> <span class='ocrx_word' id='word_1_201' title='bbox 1417 1999 1590 2054; x_wconf 85' lang='lat' dir='ltr'>lugubri</span> 
     </span>
     <span class='ocr_line' id='line_1_25' title="bbox 60 2069 1589 2127; baseline -0.001 -14"><span class='ocrx_word' id='word_1_202' title='bbox 60 2069 331 2122; x_wconf 87' lang='lat' dir='ltr'>sordidatam,</span> <span class='ocrx_word' id='word_1_203' title='bbox 370 2083 476 2126; x_wconf 87' lang='lat' dir='ltr'>quae</span> <span class='ocrx_word' id='word_1_204' title='bbox 507 2084 588 2114; x_wconf 91' lang='lat' dir='ltr'>non</span> <span class='ocrx_word' id='word_1_205' title='bbox 625 2071 801 2127; x_wconf 86' lang='lat' dir='ltr'>lugebat</span> <span class='ocrx_word' id='word_1_206' title='bbox 837 2074 1053 2114; x_wconf 90' lang='lat' dir='ltr'>mortuum</span> <span class='ocrx_word' id='word_1_207' title='bbox 1091 2071 1244 2122; x_wconf 90' lang='lat' dir='ltr'>uirum,</span> <span class='ocrx_word' id='word_1_208' title='bbox 1282 2070 1357 2113; x_wconf 89' lang='lat' dir='ltr'>sed</span> <span class='ocrx_word' id='word_1_209' title='bbox 1395 2070 1589 2125; x_wconf 89' lang='lat' dir='ltr'>squalore</span> 
     </span>
    </p>
   </div>
   <div class='ocr_carea' id='block_1_3' title="bbox 58 2221 1587 2325">
    <p class='ocr_par' dir='ltr' id='par_1_8' title="bbox 58 2221 1587 2325">
     <span class='ocr_line' id='line_1_26' title="bbox 177 2221 1587 2268; baseline -0.002 -10"><span class='ocrx_word' id='word_1_210' title='bbox 177 2224 196 2258; x_wconf 90' lang='lat'><strong>7</strong></span> <span class='ocrx_word' id='word_1_211' title='bbox 223 2223 308 2258; x_wconf 88' lang='lat' dir='ltr'>Luc.</span> <span class='ocrx_word' id='word_1_212' title='bbox 335 2223 368 2264; x_wconf 84' lang='lat'>2,</span> <span class='ocrx_word' id='word_1_213' title='bbox 395 2223 440 2258; x_wconf 84' lang='lat'>36</span> <span class='ocrx_word' id='word_1_214' title='bbox 565 2223 606 2257; x_wconf 92' lang='lat'>11</span> <span class='ocrx_word' id='word_1_215' title='bbox 636 2223 680 2258; x_wconf 90' lang='lat' dir='ltr'>cf.</span> <span class='ocrx_word' id='word_1_216' title='bbox 705 2221 790 2258; x_wconf 90' lang='lat' dir='ltr'>Luc.</span> <span class='ocrx_word' id='word_1_217' title='bbox 817 2223 852 2267; x_wconf 84' lang='lat'>2,</span> <span class='ocrx_word' id='word_1_218' title='bbox 879 2222 922 2257; x_wconf 86' lang='lat'>37</span> <span class='ocrx_word' id='word_1_219' title='bbox 1048 2222 1090 2256; x_wconf 90' lang='lat'>15</span> <span class='ocrx_word' id='word_1_220' title='bbox 1117 2222 1161 2258; x_wconf 88' lang='lat' dir='ltr'>cf.</span> <span class='ocrx_word' id='word_1_221' title='bbox 1188 2222 1244 2258; x_wconf 90' lang='lat'>111</span> <span class='ocrx_word' id='word_1_222' title='bbox 1268 2221 1359 2268; x_wconf 87' lang='lat' dir='ltr'>Reg.</span> <span class='ocrx_word' id='word_1_223' title='bbox 1388 2221 1442 2263; x_wconf 86' lang='lat'>17,</span> <span class='ocrx_word' id='word_1_224' title='bbox 1469 2221 1587 2256; x_wconf 85' lang='lat'>8—24</span> 
     </span>
     <span class='ocr_line' id='line_1_27' title="bbox 58 2281 1463 2325; baseline -0.004 -7"><span class='ocrx_word' id='word_1_225' title='bbox 58 2282 103 2318; x_wconf 98' lang='grc'><strong>20</strong></span> <span class='ocrx_word' id='word_1_226' title='bbox 130 2282 174 2318; x_wconf 81' lang='lat' dir='ltr'>cf.</span> <span class='ocrx_word' id='word_1_227' title='bbox 200 2282 278 2318; x_wconf 90' lang='lat' dir='ltr'>Ioh.</span> <span class='ocrx_word' id='word_1_228' title='bbox 306 2283 361 2325; x_wconf 85' lang='lat'>12,</span> <span class='ocrx_word' id='word_1_229' title='bbox 387 2283 434 2317; x_wconf 85' lang='lat'>24</span> <span class='ocrx_word' id='word_1_230' title='bbox 507 2283 553 2318; x_wconf 82' lang='lat'>22</span> <span class='ocrx_word' id='word_1_231' title='bbox 581 2282 626 2318; x_wconf 86' lang='lat' dir='ltr'>cf.</span> <span class='ocrx_word' id='word_1_232' title='bbox 653 2281 732 2318; x_wconf 90' lang='lat' dir='ltr'>Iud.</span> <span class='ocrx_word' id='word_1_233' title='bbox 761 2293 788 2318; x_wconf 91' lang='grc'>6.</span> <span class='ocrx_word' id='word_1_234' title='bbox 815 2282 932 2318; x_wconf 89' lang='grc'><strong>8-16</strong></span> <span class='ocrx_word' id='word_1_235' title='bbox 1444 2283 1463 2313; x_wconf 55' lang='lat' dir='ltr'>&#39;a</span> 
     </span>
    </p>
   </div>
   <div class='ocr_carea' id='block_1_4' title="bbox 5 2362 1588 2946">
    <p class='ocr_par' dir='ltr' id='par_1_9' title="bbox 56 2362 1588 2709">
     <span class='ocr_line' id='line_1_28' title="bbox 106 2362 1588 2411; baseline -0.001 -12"><span class='ocrx_word' id='word_1_236' title='bbox 106 2364 125 2399; x_wconf 87' lang='lat'><strong>7</strong></span> <span class='ocrx_word' id='word_1_237' title='bbox 151 2365 257 2400; x_wconf 84' lang='lat' dir='ltr'>lucan</span> <span class='ocrx_word' id='word_1_238' title='bbox 282 2364 321 2400; x_wconf 91' lang='lat' dir='ltr'><em>D</em></span> <span class='ocrx_word' id='word_1_239' title='bbox 394 2367 431 2400; x_wconf 90' lang='lat' dir='ltr'>et</span> <span class='ocrx_word' id='word_1_240' title='bbox 456 2376 523 2401; x_wconf 85' lang='lat' dir='ltr'>om.</span> <span class='ocrx_word' id='word_1_241' title='bbox 551 2365 626 2400; x_wconf 92' lang='lat' dir='ltr'>DB</span> <span class='ocrx_word' id='word_1_242' title='bbox 699 2365 720 2400; x_wconf 83' lang='lat'>8</span> <span class='ocrx_word' id='word_1_243' title='bbox 747 2364 931 2410; x_wconf 90' lang='lat' dir='ltr'>phanuhel</span> <span class='ocrx_word' id='word_1_244' title='bbox 954 2368 1108 2411; x_wconf 77' lang='lat' dir='ltr'>utroque</span> <span class='ocrx_word' id='word_1_245' title='bbox 1135 2364 1212 2400; x_wconf 86' lang='lat' dir='ltr'>loco</span> <span class='ocrx_word' id='word_1_246' title='bbox 1236 2363 1286 2408; x_wconf 91' lang='lat' dir='ltr'>D,</span> <span class='ocrx_word' id='word_1_247' title='bbox 1313 2363 1428 2399; x_wconf 79' lang='lat' dir='ltr'>altero</span> <span class='ocrx_word' id='word_1_248' title='bbox 1455 2362 1532 2398; x_wconf 84' lang='lat' dir='ltr'>loco</span> <span class='ocrx_word' id='word_1_249' title='bbox 1556 2363 1588 2396; x_wconf 89' lang='grc' dir='ltr'><em>Φ</em></span> 
     </span>
     <span class='ocr_line' id='line_1_29' title="bbox 57 2420 1587 2470; baseline -0.001 -12"><span class='ocrx_word' id='word_1_250' title='bbox 57 2423 178 2459; x_wconf 81' lang='lat' dir='ltr'>fanuel</span> <span class='ocrx_word' id='word_1_251' title='bbox 203 2428 356 2470; x_wconf 78' lang='lat' dir='ltr'>utroque</span> <span class='ocrx_word' id='word_1_252' title='bbox 382 2425 459 2460; x_wconf 81' lang='lat' dir='ltr'>loco</span> <span class='ocrx_word' id='word_1_253' title='bbox 484 2424 566 2459; x_wconf 63' lang='lat' dir='ltr'>KP</span> <span class='ocrx_word' id='word_1_254' title='bbox 669 2425 690 2460; x_wconf 90' lang='grc'>9</span> <span class='ocrx_word' id='word_1_255' title='bbox 716 2423 755 2459; x_wconf 87' lang='lat' dir='ltr'>in</span> <span class='ocrx_word' id='word_1_256' title='bbox 781 2435 848 2460; x_wconf 87' lang='lat' dir='ltr'>om.</span> <span class='ocrx_word' id='word_1_257' title='bbox 874 2424 911 2459; x_wconf 99' lang='grc' dir='ltr'><strong><em>Β</em></strong></span> <span class='ocrx_word' id='word_1_258' title='bbox 1014 2424 1058 2460; x_wconf 91' lang='grc'>10</span> <span class='ocrx_word' id='word_1_259' title='bbox 1085 2424 1184 2470; x_wconf 88' lang='lat' dir='ltr'>ergo]</span> <span class='ocrx_word' id='word_1_260' title='bbox 1211 2423 1326 2469; x_wconf 90' lang='lat' dir='ltr'>igitur</span> <span class='ocrx_word' id='word_1_261' title='bbox 1349 2433 1374 2468; x_wconf 78' lang='lat' dir='ltr'><strong><em>g</em></strong></span> <span class='ocrx_word' id='word_1_262' title='bbox 1471 2422 1512 2457; x_wconf 94' lang='grc'>11</span> <span class='ocrx_word' id='word_1_263' title='bbox 1541 2420 1587 2456; x_wconf 88' lang='grc'>611</span> 
     </span>
     <span class='ocr_line' id='line_1_30' title="bbox 57 2480 1587 2530; baseline -0.003 -11"><span class='ocrx_word' id='word_1_264' title='bbox 57 2494 123 2519; x_wconf 85' lang='lat' dir='ltr'>om.</span> <span class='ocrx_word' id='word_1_265' title='bbox 154 2484 186 2518; x_wconf 91' lang='grc' dir='ltr'><em>Φ</em></span> <span class='ocrx_word' id='word_1_266' title='bbox 289 2484 525 2530; x_wconf 86' lang='lat' dir='ltr'>octuagisimo</span> <span class='ocrx_word' id='word_1_267' title='bbox 554 2486 682 2530; x_wconf 85' lang='lat' dir='ltr'>quarto</span> <span class='ocrx_word' id='word_1_268' title='bbox 709 2494 802 2519; x_wconf 89' lang='lat' dir='ltr'>anno</span> <span class='ocrx_word' id='word_1_269' title='bbox 834 2485 866 2518; x_wconf 91' lang='grc' dir='ltr'><em>Φ</em></span> <span class='ocrx_word' id='word_1_270' title='bbox 946 2484 989 2518; x_wconf 92' lang='grc'>12</span> <span class='ocrx_word' id='word_1_271' title='bbox 1014 2483 1188 2519; x_wconf 85' lang='lat' dir='ltr'>sustinuit</span> <span class='ocrx_word' id='word_1_272' title='bbox 1212 2483 1252 2518; x_wconf 91' lang='lat' dir='ltr'><em>D</em></span> <span class='ocrx_word' id='word_1_273' title='bbox 1333 2482 1375 2517; x_wconf 89' lang='lat'>13</span> <span class='ocrx_word' id='word_1_274' title='bbox 1402 2482 1439 2517; x_wconf 88' lang='lat' dir='ltr'>in</span> <span class='ocrx_word' id='word_1_275' title='bbox 1464 2481 1523 2517; x_wconf 89' lang='grc'><strong>161.</strong></span> <span class='ocrx_word' id='word_1_276' title='bbox 1548 2480 1587 2515; x_wconf 91' lang='lat' dir='ltr'><em>D</em></span> 
     </span>
     <span class='ocr_line' id='line_1_31' title="bbox 57 2541 1585 2589; baseline -0.002 -12"><span class='ocrx_word' id='word_1_277' title='bbox 57 2542 279 2578; x_wconf 85' lang='lat' dir='ltr'>orationibus</span> <span class='ocrx_word' id='word_1_278' title='bbox 304 2544 343 2579; x_wconf 91' lang='lat' dir='ltr'><em>D</em></span> <span class='ocrx_word' id='word_1_279' title='bbox 418 2543 462 2579; x_wconf 87' lang='lat'>14</span> <span class='ocrx_word' id='word_1_280' title='bbox 487 2544 712 2589; x_wconf 86' lang='lat' dir='ltr'>spiritualem</span> <span class='ocrx_word' id='word_1_281' title='bbox 737 2543 799 2579; x_wconf 77' lang='lat' dir='ltr'>uel</span> <span class='ocrx_word' id='word_1_282' title='bbox 824 2543 1017 2589; x_wconf 88' lang='lat' dir='ltr'>specialem</span> <span class='ocrx_word' id='word_1_283' title='bbox 1042 2554 1066 2588; x_wconf 75' lang='lat'><em>5</em></span> <span class='ocrx_word' id='word_1_284' title='bbox 1145 2542 1346 2588; x_wconf 85' lang='lat' dir='ltr'>nuncupari</span> <span class='ocrx_word' id='word_1_285' title='bbox 1371 2541 1407 2576; x_wconf 94' lang='grc' dir='ltr'><strong><em>Β</em></strong></span> <span class='ocrx_word' id='word_1_286' title='bbox 1491 2543 1585 2575; x_wconf 79' lang='grc'><strong>6116-</strong></span> 
     </span>
     <span class='ocr_line' id='line_1_32' title="bbox 56 2602 1586 2649; baseline -0.002 -12"><span class='ocrx_word' id='word_1_287' title='bbox 56 2602 111 2637; x_wconf 80' lang='lat' dir='ltr'>uis</span> <span class='ocrx_word' id='word_1_288' title='bbox 141 2602 177 2637; x_wconf 79' lang='grc' dir='ltr'><em>Ψ</em></span> <span class='ocrx_word' id='word_1_289' title='bbox 201 2602 301 2637; x_wconf 89' lang='grc'><strong>616111</strong></span> <span class='ocrx_word' id='word_1_290' title='bbox 325 2603 362 2638; x_wconf 92' lang='grc' dir='ltr'><strong><em>Β</em></strong></span> <span class='ocrx_word' id='word_1_291' title='bbox 393 2602 437 2638; x_wconf 91' lang='lat' dir='ltr'>ab</span> <span class='ocrx_word' id='word_1_292' title='bbox 472 2604 590 2638; x_wconf 84' lang='grc'><strong>6161116</strong></span> <span class='ocrx_word' id='word_1_293' title='bbox 614 2614 639 2649; x_wconf 81' lang='grc' dir='ltr'><em>ς</em></span> <span class='ocrx_word' id='word_1_294' title='bbox 785 2603 828 2638; x_wconf 88' lang='grc'>15</span> <span class='ocrx_word' id='word_1_295' title='bbox 854 2604 1003 2648; x_wconf 89' lang='lat' dir='ltr'>sarrept.</span> <span class='ocrx_word' id='word_1_296' title='bbox 1034 2602 1072 2637; x_wconf 77' lang='grc' dir='ltr'><em>Ψ</em></span> <span class='ocrx_word' id='word_1_297' title='bbox 1099 2604 1232 2647; x_wconf 84' lang='lat' dir='ltr'>sarapt.</span> <span class='ocrx_word' id='word_1_298' title='bbox 1263 2602 1295 2636; x_wconf 89' lang='grc' dir='ltr'><em>Φ</em></span> <span class='ocrx_word' id='word_1_299' title='bbox 1326 2602 1538 2646; x_wconf 84' lang='lat' dir='ltr'>sareptanae</span> <span class='ocrx_word' id='word_1_300' title='bbox 1562 2610 1586 2644; x_wconf 75' lang='lat' dir='ltr'><strong><em>g</em></strong></span> 
     </span>
     <span class='ocr_line' id='line_1_33' title="bbox 59 2658 1584 2709; baseline -0.003 -12"><span class='ocrx_word' id='word_1_301' title='bbox 59 2661 101 2697; x_wconf 89' lang='lat'>16</span> <span class='ocrx_word' id='word_1_302' title='bbox 128 2662 218 2697; x_wconf 83' lang='lat' dir='ltr'>eliae</span> <span class='ocrx_word' id='word_1_303' title='bbox 243 2673 268 2707; x_wconf 74' lang='lat' dir='ltr'><em>g</em></span> <span class='ocrx_word' id='word_1_304' title='bbox 341 2662 495 2708; x_wconf 89' lang='lat' dir='ltr'>protulit</span> <span class='ocrx_word' id='word_1_305' title='bbox 523 2664 556 2697; x_wconf 92' lang='grc' dir='ltr'><em>Φ</em></span> <span class='ocrx_word' id='word_1_306' title='bbox 629 2666 708 2698; x_wconf 77' lang='lat' dir='ltr'>tert.</span> <span class='ocrx_word' id='word_1_307' title='bbox 735 2662 785 2709; x_wconf 90' lang='lat' dir='ltr'>et]</span> <span class='ocrx_word' id='word_1_308' title='bbox 814 2664 852 2698; x_wconf 90' lang='lat' dir='ltr'>et</span> <span class='ocrx_word' id='word_1_309' title='bbox 875 2663 913 2698; x_wconf 92' lang='lat' dir='ltr'>in</span> <span class='ocrx_word' id='word_1_310' title='bbox 938 2662 977 2697; x_wconf 91' lang='lat' dir='ltr'><em>D</em></span> <span class='ocrx_word' id='word_1_311' title='bbox 1001 2664 1043 2697; x_wconf 89' lang='lat' dir='ltr'>ut</span> <span class='ocrx_word' id='word_1_312' title='bbox 1067 2662 1103 2696; x_wconf 90' lang='lat' dir='ltr'>in</span> <span class='ocrx_word' id='word_1_313' title='bbox 1122 2672 1146 2707; x_wconf 80' lang='grc' dir='ltr'><em>ς</em></span> <span class='ocrx_word' id='word_1_314' title='bbox 1198 2662 1240 2696; x_wconf 87' lang='grc'>17</span> <span class='ocrx_word' id='word_1_315' title='bbox 1267 2661 1344 2696; x_wconf 88' lang='lat' dir='ltr'>filia</span> <span class='ocrx_word' id='word_1_316' title='bbox 1371 2660 1404 2694; x_wconf 91' lang='grc' dir='ltr'><em>Φ</em></span> <span class='ocrx_word' id='word_1_317' title='bbox 1475 2658 1584 2693; x_wconf 90' lang='lat' dir='ltr'>relin-</span> 
     </span>
    </p>

    <p class='ocr_par' dir='ltr' id='par_1_10' title="bbox 11 2717 1584 2768">
     <span class='ocr_line' id='line_1_34' title="bbox 11 2717 1584 2768; baseline -0.003 -12"><span class='ocrx_word' id='word_1_318' title='bbox 11 2750 14 2751; x_wconf 25' lang='grc'><strong>.</strong></span> <span class='ocrx_word' id='word_1_319' title='bbox 57 2725 181 2766; x_wconf 85' lang='lat' dir='ltr'>queret</span> <span class='ocrx_word' id='word_1_320' title='bbox 203 2733 228 2767; x_wconf 76' lang='lat' dir='ltr'><strong><em>g</em></strong></span> <span class='ocrx_word' id='word_1_321' title='bbox 285 2722 328 2758; x_wconf 87' lang='lat'>18</span> <span class='ocrx_word' id='word_1_322' title='bbox 355 2722 516 2758; x_wconf 86' lang='lat' dir='ltr'>elemosi.</span> <span class='ocrx_word' id='word_1_323' title='bbox 542 2722 578 2757; x_wconf 92' lang='grc' dir='ltr'><strong><em>Β</em></strong></span> <span class='ocrx_word' id='word_1_324' title='bbox 602 2722 797 2768; x_wconf 82' lang='lat' dir='ltr'>helemosy.</span> <span class='ocrx_word' id='word_1_325' title='bbox 823 2722 863 2757; x_wconf 94' lang='lat' dir='ltr'><em>D</em></span> <span class='ocrx_word' id='word_1_326' title='bbox 889 2722 977 2768; x_wconf 87' lang='lat' dir='ltr'>ely(i</span> <span class='ocrx_word' id='word_1_327' title='bbox 988 2721 1228 2766; x_wconf 71' lang='grc' dir='ltr'><strong>Ψ)1606)’(1Φ).</strong></span> <span class='ocrx_word' id='word_1_328' title='bbox 1254 2719 1375 2755; x_wconf 73' lang='grc' dir='ltr'>ΚΦΨ</span> <span class='ocrx_word' id='word_1_329' title='bbox 1445 2717 1584 2764; x_wconf 82' lang='lat' dir='ltr'>pugilla</span> 
     </span>
    </p>

    <p class='ocr_par' dir='ltr' id='par_1_11' title="bbox 5 2776 1587 2946">
     <span class='ocr_line' id='line_1_35' title="bbox 5 2776 1587 2826; baseline -0.003 -11"><span class='ocrx_word' id='word_1_330' title='bbox 5 2791 10 2796; x_wconf 89' lang='grc'>’</span> <span class='ocrx_word' id='word_1_331' title='bbox 60 2780 92 2814; x_wconf 92' lang='grc' dir='ltr'><em>Φ</em></span> <span class='ocrx_word' id='word_1_332' title='bbox 115 2781 290 2826; x_wconf 89' lang='lat' dir='ltr'>pugillum</span> <span class='ocrx_word' id='word_1_333' title='bbox 312 2781 355 2816; x_wconf 89' lang='lat' dir='ltr'><strong><em>K</em></strong></span> <span class='ocrx_word' id='word_1_334' title='bbox 424 2781 511 2817; x_wconf 85' lang='lat' dir='ltr'>faris</span> <span class='ocrx_word' id='word_1_335' title='bbox 534 2781 573 2817; x_wconf 77' lang='grc' dir='ltr'><strong><em>Ψ</em></strong></span> <span class='ocrx_word' id='word_1_336' title='bbox 594 2781 732 2818; x_wconf 78' lang='lat' dir='ltr'>farinae</span> <span class='ocrx_word' id='word_1_337' title='bbox 751 2782 788 2817; x_wconf 92' lang='lat' dir='ltr'><em>B</em></span> <span class='ocrx_word' id='word_1_338' title='bbox 838 2782 882 2817; x_wconf 89' lang='lat'>19</span> <span class='ocrx_word' id='word_1_339' title='bbox 901 2781 1033 2816; x_wconf 86' lang='lat' dir='ltr'>mensis</span> <span class='ocrx_word' id='word_1_340' title='bbox 1058 2781 1096 2815; x_wconf 75' lang='grc' dir='ltr'><em>Ψ</em></span> <span class='ocrx_word' id='word_1_341' title='bbox 1119 2790 1264 2815; x_wconf 88' lang='lat' dir='ltr'>mensae</span> <span class='ocrx_word' id='word_1_342' title='bbox 1282 2779 1318 2813; x_wconf 92' lang='lat' dir='ltr'><strong><em>B</em></strong></span> <span class='ocrx_word' id='word_1_343' title='bbox 1390 2777 1527 2812; x_wconf 87' lang='lat' dir='ltr'>farinae</span> <span class='ocrx_word' id='word_1_344' title='bbox 1552 2776 1587 2811; x_wconf 77' lang='grc' dir='ltr'><em>Ψ</em></span> 
     </span>
     <span class='ocr_line' id='line_1_36' title="bbox 56 2835 1583 2887; baseline -0.003 -13"><span class='ocrx_word' id='word_1_345' title='bbox 56 2839 101 2875; x_wconf 88' lang='grc'><strong>20</strong></span> <span class='ocrx_word' id='word_1_346' title='bbox 126 2839 247 2886; x_wconf 64' lang='lat' dir='ltr'>frum]</span> <span class='ocrx_word' id='word_1_347' title='bbox 273 2840 358 2876; x_wconf 82' lang='lat' dir='ltr'>add.</span> <span class='ocrx_word' id='word_1_348' title='bbox 387 2843 443 2876; x_wconf 85' lang='lat' dir='ltr'>est</span> <span class='ocrx_word' id='word_1_349' title='bbox 466 2852 490 2886; x_wconf 80' lang='lat' dir='ltr'><em>g</em></span> <span class='ocrx_word' id='word_1_350' title='bbox 571 2852 675 2887; x_wconf 88' lang='lat' dir='ltr'>paen.</span> <span class='ocrx_word' id='word_1_351' title='bbox 702 2840 780 2876; x_wconf 87' lang='grc' dir='ltr'>ΚΦ</span> <span class='ocrx_word' id='word_1_352' title='bbox 803 2852 907 2886; x_wconf 83' lang='lat' dir='ltr'>poen.</span> <span class='ocrx_word' id='word_1_353' title='bbox 934 2840 972 2875; x_wconf 92' lang='lat' dir='ltr'><em>D</em></span> <span class='ocrx_word' id='word_1_354' title='bbox 1045 2840 1087 2874; x_wconf 90' lang='grc'>21</span> <span class='ocrx_word' id='word_1_355' title='bbox 1117 2839 1210 2874; x_wconf 91' lang='lat' dir='ltr'>enim</span> <span class='ocrx_word' id='word_1_356' title='bbox 1237 2848 1304 2873; x_wconf 88' lang='lat' dir='ltr'>om.</span> <span class='ocrx_word' id='word_1_357' title='bbox 1332 2836 1371 2872; x_wconf 92' lang='lat' dir='ltr'><em>D</em></span> <span class='ocrx_word' id='word_1_358' title='bbox 1450 2835 1583 2871; x_wconf 89' lang='lat' dir='ltr'>uiduae</span> 
     </span>
     <span class='ocr_line' id='line_1_37' title="bbox 56 2897 1317 2946; baseline -0.002 -13"><span class='ocrx_word' id='word_1_359' title='bbox 56 2903 116 2940; x_wconf 80' lang='grc'><strong>(86.</strong></span> <span class='ocrx_word' id='word_1_360' title='bbox 144 2900 271 2946; x_wconf 59' lang='lat' dir='ltr'>terrm]</span> <span class='ocrx_word' id='word_1_361' title='bbox 298 2899 408 2935; x_wconf 88' lang='lat' dir='ltr'>uidua</span> <span class='ocrx_word' id='word_1_362' title='bbox 434 2900 510 2935; x_wconf 93' lang='lat' dir='ltr'>DB</span> <span class='ocrx_word' id='word_1_363' title='bbox 584 2900 629 2934; x_wconf 92' lang='grc'>22</span> <span class='ocrx_word' id='word_1_364' title='bbox 656 2900 692 2934; x_wconf 88' lang='grc'>16</span> <span class='ocrx_word' id='word_1_365' title='bbox 719 2899 837 2934; x_wconf 87' lang='lat' dir='ltr'>iudith</span> <span class='ocrx_word' id='word_1_366' title='bbox 863 2899 945 2934; x_wconf 75' lang='grc' dir='ltr'>ΒΨ</span> <span class='ocrx_word' id='word_1_367' title='bbox 1015 2898 1061 2934; x_wconf 87' lang='grc'>23</span> <span class='ocrx_word' id='word_1_368' title='bbox 1089 2898 1252 2933; x_wconf 84' lang='lat' dir='ltr'>confecta</span> <span class='ocrx_word' id='word_1_369' title='bbox 1279 2897 1317 2931; x_wconf 95' lang='lat' dir='ltr'><em>D</em></span> 
     </span>
    </p>
   </div>
   <div class='ocr_carea' id='block_1_5' title="bbox 1468 2966 1534 3002">
    <p class='ocr_par' dir='ltr' id='par_1_12' title="bbox 1468 2966 1534 3002">
     <span class='ocr_line' id='line_1_38' title="bbox 1468 2966 1534 3002; baseline -0.03 0"><span class='ocrx_word' id='word_1_370' title='bbox 1468 2966 1534 3002; x_wconf 79' lang='lat'>31*</span> 
     </span>
    </p>
   </div>
  </div>
 </body>
</html>
