1884 3254
223 250 308 292 274
767 243 917 279 Sancti
943 243 1200 288 Hieronymi-

222 379 396 422 fratris
429 378 522 420 mei
561 378 694 419 sum?
728 380 904 426 sextum,
936 374 1047 427 quod
1078 386 1123 416 se
1154 373 1244 427 ipse
1277 374 1553 417 damnauerit:
1586 376 1741 418 maior

223 450 371 504 culpa
412 461 517 490 mea
561 448 649 497 est,
694 458 834 499 quam
877 447 933 486 ut
964 443 1210 494 dimittar;
1243 444 1487 498 septimum,
1522 446 1632 498 quod
1664 459 1739 489 nec

224 520 443 561 damnatus
470 517 603 572 egerit
627 515 923 570 paenitentiam
950 514 1180 556 secundum
1206 514 1427 557 Nineuitas
1453 517 1496 558 et
1519 516 1742 558 Ezechiam

224 602 366 644 regem
398 588 538 639 Iudae,
572 586 644 640 qui
673 585 948 628 inminentem
979 586 1155 627 mortem
1187 585 1372 628 lacrimis
1405 586 1669 628 distulerunt.
1701 589 1743 629 et

224 660 368 700 dicunt
403 659 525 699 illum
563 669 587 698 a
625 655 951 698 clementissimo
990 655 1066 697 deo
1103 655 1197 697 ideo
1240 668 1375 710 usque
1419 656 1471 698 ad
1515 657 1739 711 septimam
1782 667 1800 696 ⁵

224 729 531 784 generationem
564 727 696 769 fuisse
729 726 922 777 dilatum,
953 727 1004 767 ut
1034 725 1176 767 saltim
1214 726 1338 768 malis
1374 726 1478 780 ipsis
1517 729 1559 769 et
1594 727 1742 784 longae

222 800 335 841 uitae
378 810 562 840 maerore
607 796 834 851 conpulsus
884 796 1184 850 paenitentiam
1233 799 1376 852 ageret
1424 800 1467 839 et
1514 801 1744 840 mereretur

224 870 402 912 absolui.

283 941 322 982 7.
368 939 570 982 Nonnulli
614 937 897 991 septenarium
940 950 1160 979 numerum
1210 937 1380 992 plenum
1426 940 1468 980 et
1510 939 1744 993 perfectum

222 1011 547 1064 interpretantur
577 1009 628 1051 de
659 1008 806 1051 multis
838 1008 1142 1063 scripturarum
1172 1008 1278 1051 locis
1309 1008 1553 1051 testimonia
1583 1011 1744 1052 contra·
1768 1016 1804 1046 10

224 1082 371 1123 hentes
404 1083 446 1122 et
478 1081 588 1121 hunc
613 1092 705 1121 esse
738 1091 922 1129 sensum,
949 1087 1074 1133 quem
1107 1092 1234 1133 supra
1258 1080 1592 1133 perstrinximus,
1619 1080 1744 1134 quod,

225 1152 296 1206 qui
327 1151 582 1193 interfecerit
614 1150 729 1200 Cain,
756 1150 807 1192 ab
838 1150 998 1205 ingenti
1024 1163 1120 1192 eum
1146 1152 1189 1192 et
1215 1150 1354 1192 omnia
1380 1150 1589 1205 supplicia
1613 1152 1745 1193 trans-
1791 1156 1794 1160 ’

225 1224 348 1265 eunte
380 1222 532 1263 liberet
561 1233 705 1274 poena.

284 1293 321 1334 8.
355 1291 462 1334 Sunt
499 1293 655 1342 autem,
689 1290 760 1344 qui
798 1293 840 1332 et
877 1289 927 1331 de
966 1290 1185 1345 euangelio
1223 1291 1595 1346 interrogationem
1632 1291 1746 1333 Petri

224 1363 444 1416 replicent:
473 1362 681 1411 dom-ine,
710 1360 953 1414 quotiens
975 1361 1210 1414 peccabit
1239 1361 1287 1403 in
1321 1371 1392 1403 me
1422 1361 1580 1403 frater
1604 1374 1741 1405 meus
1767 1369 1804 1399 1⁵

226 1437 272 1475 et
305 1434 554 1475 dimittam
580 1432 651 1474 ei?
678 1443 834 1485 usque
860 1432 1080 1485 septies?
1107 1432 1234 1474 dicit
1260 1432 1303 1474 ei
1328 1432 1490 1475 Iesus:
1515 1445 1607 1474 non
1634 1432 1746 1474 <lico

228 1504 323 1545 tibi
366 1515 522 1556 usque
562 1502 768 1557 septies,
809 1503 893 1544 sed
931 1515 1089 1557 usque
1129 1503 1422 1557 septuagies
1462 1494 1667 1557 septies.
1706 1505 1748 1545 et

228 1576 377 1629 putant
406 1575 584 1615 mortem
618 1575 743 1626 atque
779 1576 999 1626 peccatum
1031 1574 1073 1615 in
1112 1575 1293 1627 septima
1330 1573 1528 1628 progenie
1566 1573 1748 1615 sabbati-

229 1658 359 1694 zasse,
387 1645 549 1699 quando
575 1645 719 1686 Enoch
750 1647 896 1698 raptus
930 1647 995 1687 est
1027 1647 1075 1687 et
1106 1658 1197 1687 non
1230 1645 1599 1698 inueniebatur,
1634 1646 1749 1699 quia

228 1715 498 1757 transtulit
540 1715 686 1756 illum
731 1714 862 1757 deus.
914 1715 963 1757 de
1008 1716 1276 1770 septuaginta
1314 1718 1454 1758 autem
1499 1717 1542 1757 et
1583 1719 1806 1769 septemm

349 1865 366 1899 1
394 1863 504 1899 *sem
529 1866 563 1909 4,
592 1864 635 1900 13
687 1850 702 1858 '
756 1865 778 1899 3
804 1865 848 1900 cf.
874 1865 950 1900 Ion.
977 1876 1006 1900 e.
1033 1866 1054 1900 3
1081 1867 1118 1900 et
1141 1866 1165 1900 4
1285 1865 1330 1901 cf.
1355 1865 1406 1900 1v
1433 1866 1522 1911 Reg.
1548 1866 1605 1911 20,
1634 1866 1745 1901 1-11

231 1923 275 1958 15
302 1924 452 1958 *Mattu
481 1924 535 1968 18,
561 1924 702 1958 21—22
776 1924 820 1958 19
845 1924 954 1959 Hebr,
984 1925 1038 1968 11,
1064 1924 1096 1959 5.
1125 1924 1169 1960 ef.
1198 1923 1285 1960 Gen.
1312 1925 1346 1969 5,
1371 1925 1418 1959 24

280 2006 296 2039 1
324 2005 366 2040 fr.
391 2006 461 2040 mei
487 2017 564 2040 sum
589 2005 664 2040 AD
759 2006 822 2040 VI·
847 2008 983 2041 sextum
1011 2013 1044 2042 m
1142 2006 1250 2052 quod]
1277 2018 1346 2052 que
1373 2013 1405 2043 m
1501 2007 1618 2053 ipsum
1638 2007 1749 2042 ADB

231 2064 353 2099 dicens
376 2065 490 2099 maior
514 2065 549 2098 Β
622 2066 643 2098 2
669 2064 789 2110 quam]
817 2076 886 2110 que
912 2071 945 2101 tn
1043 2065 1248 2100 dimittatur
1265 2066 1302 2100 B
1398 2066 1478 2101 VII·
1503 2066 1695 2112 septimum
1716 2073 1748 2103 m

233 2123 342 2168 quod]
371 2135 439 2168 que
465 2130 497 2160 m
525 2124 608 2168 quia
633 2123 709 2158 AD
829 2125 850 2158 3
875 2125 1062 2159 nineu'etas
1089 2130 1122 2160 m
1148 2124 1355 2159 ninniuetas
1381 2135 1401 2170 q
1427 2125 1601 2160 niniuitas
1625 2125 1750 2170 DB‚A

232 2184 324 2226 (tert.
350 2182 363 2216 1
388 2193 431 2217 ea:
457 2194 474 2216 e
499 2184 573 2226 m2)
646 2183 668 2217 4
693 2182 821 2217 iudeae
846 2193 868 2228 q
892 2183 978 2218 iuda
996 2183 1072 2218 AD
1169 2183 1268 2228 dist]
1294 2184 1518 2219 sustulerunt
1534 2195 1577 2229 g;
1603 2185 1688 2220 add.
1709 2189 1751 2220 ut

233 2241 291 2285 qui
319 2239 479 2275 damnati
504 2242 648 2275 fuerant
673 2251 744 2275 non
768 2242 928 2287 perirent
953 2241 1016 2276 sed
1042 2244 1192 2287 agentes
1222 2242 1485 2288 poenitentiam
1515 2243 1751 2289 impetrarent

231 2299 509 2334 misericordiam
537 2300 594 2335 dei
619 2302 652 2336 Ω
748 2303 786 2335 et
811 2301 894 2346 die]
921 2312 1003 2336 nam
1029 2301 1179 2336 tradunt
1202 2313 1227 2346 g
1322 2302 1344 2336 5
1369 2305 1461 2348 sept.
1487 2303 1584 2348 gen]
1611 2305 1750 2347 septem

232 2360 481 2404 generationes
506 2359 615 2394 ΩΑΒ
670 2360 690 2394 6
718 2360 875 2395 delatum
899 2360 1070 2396 Aa.e.m2
1140 2361 1237 2406 long.
1263 2361 1344 2406 uit.]
1371 2362 1619 2407 longaeuitate
1641 2361 1752 2398 tnAD

234 2418 254 2452 7
282 2429 416 2452 merore
442 2419 548 2462 (corr.
577 2430 594 2453 e
621 2423 773 2462 merore)
801 2430 822 2465 q
847 2430 984 2454 morere
1012 2426 1044 2456 m
1070 2421 1240 2455 maeroris
1265 2431 1290 2464 g
1397 2422 1544 2465 aegeret
1569 2426 1601 2456 m
1699 2421 1749 2466 et]

232 2479 274 2510 ut
301 2476 408 2511 ADB
481 2479 501 2511 9
529 2478 762 2522 septinarium
785 2484 841 2524 tnq
939 2481 976 2514 et
999 2490 1028 2514 s.
1057 2480 1079 2514 l.
1100 2479 1136 2513 Β
1210 2479 1250 2514 11
1281 2478 1390 2524 quod]
1417 2489 1485 2524 que
1512 2485 1544 2515 tn
1619 2479 1663 2514 12
1689 2480 1751 2524 qui

233 2546 300 2570 om.
327 2536 360 2569 Ω
470 2536 680 2571 interficerit
705 2537 739 2571 A
853 2538 1007 2583 ingenti]
1033 2538 1110 2583 ingi
1136 2540 1243 2582 (corr.
1269 2538 1363 2583 igni)
1390 2543 1422 2574 tn
1539 2539 1634 2584 enm]
1662 2538 1749 2574 add.

233 2593 438 2628 adflictione
465 2594 497 2628 Ω
593 2596 687 2629 0111111
715 2596 889 2641 supplicio
916 2597 949 2631 Ω
1043 2599 1291 2631 transeuntem
1316 2596 1510 2642 Aa.r.‚s2D
1595 2597 1638 2631 13
1662 2597 1750 2632 libe-

233 2659 327 2686 raret
354 2654 388 2687 Ω
492 2654 534 2687 14
561 2655 657 2698 sunt]
683 2655 767 2689 item
797 2655 839 2689 de
867 2659 1004 2701 septem
1031 2655 1202 2691 uindictis
1230 2667 1316 2701 cayn
1342 2658 1427 2690 sunt
1451 2657 1487 2690 B
1559 2684 1565 2688 .
1607 2659 1645 2691 et
1668 2655 1750 2700 ΩΒ,

233 2721 299 2745 om.
326 2714 386 2746 cet.
498 2711 540 2747 15
568 2712 732 2756 peccauit
758 2714 1083 2758 mQAD‚Ba.e.m2
1107 2715 1310 2760 peccauerit
1335 2725 1356 2758 q
1468 2714 1510 2749 16
1537 2717 1573 2749 et
1597 2725 1690 2749 eras.
1715 2715 1751 2749 B

233 2769 349 2813 Iesus]
376 2769 538 2804 dominus
564 2771 599 2804 B
650 2772 692 2805 17
713 2783 771 2815 pr.
799 2783 910 2817 usque
936 2784 1002 2808 om.
1030 2774 1062 2808 Ω
1112 2774 1155 2809 18
1181 2773 1422 2808 sabbatitasse
1449 2784 1469 2819 q
1522 2774 1564 2808 19
1590 2773 1748 2819 quando]

235 2839 304 2873 qua
329 2829 362 2862 Ω
458 2829 553 2874 quia]
582 2840 648 2873 que
676 2836 707 2865 m
782 2831 827 2865 20
853 2842 931 2866 611111
959 2839 1013 2878 mq
1112 2835 1304 2877 septuanta
1328 2834 1362 2867 Ω

1878 1485 1884 1492 ,
1877 1383 1884 1475 -»--.,.

1876 1799 1884 1809 rs-
1876 1752 1884 1771 ·-
1878 1718 1884 1738 ω..
1875 1547 1884 1705 v--vn-n-a-ff.
1878 1503 1884 1541 11...-
