1884 3254
245 302 330 343 624
786 297 939 332 Sancti
964 296 1220 342 Hieronymi

243 430 433 485 linguam
470 440 603 470 meam
644 426 762 480 quasi
801 426 946 468 stilum
986 427 1029 467 et
1065 426 1272 467 calamum
1309 438 1564 480 praeparare,
1606 427 1653 467 ut
1691 438 1764 480 per

242 500 358 542 illam
402 500 443 540 in
488 498 609 540 corde
648 496 819 539 auribus
859 495 1120 538 audientium
1163 496 1319 538 scribat
1356 495 1529 548 spiritus
1568 498 1759 544 sanctum

242 582 379 611 meum
414 571 479 611 est
510 568 619 610 enim
652 566 772 621 quasi
804 578 1005 621 organum
1035 565 1231 620 praebere
1261 566 1461 620 linguam,
1493 565 1608 607 illius
1641 567 1762 620 quasi

243 653 315 694 per
357 651 559 692 organum
604 649 763 687 sonare,
808 649 914 689 quae
958 648 1035 678 sua
1078 638 1186 679 sunt.
1229 636 1354 678 stilus
1392 636 1539 678 scribit
1573 636 1615 677 in
1652 648 1760 687 cera,

242 710 428 751 calamus
466 707 613 750 uel-in
652 701 794 748 charta
829 707 900 748 uel
936 706 978 748 in
1016 706 1269 748 membranis
1307 708 1381 748 aut
1416 707 1458 748 in
1497 718 1760 761 quacumque

241 779 428 829 materia,
469 791 573 832 quae
611 779 709 831 apta
746 779 811 819 est
847 777 899 819 ad
932 777 1209 819 scribendum.
1245 789 1340 819 mea
1371 779 1511 819 autem
1542 776 1688 832 lingua
1717 776 1760 818 in

241 848 562 891 similitudinem
594 847 755 890 scribae
787 847 961 898 uelocis,
996 860 1120 901 quem
1154 847 1360 890 notarium
1386 859 1615 901 possumus
1639 847 1760 890 intel-

239 920 391 974 legere,
424 918 600 972 quodam
635 919 850 973 signorum
883 917 1113 971 conpendio
1139 917 1375 959 breuiatum
1404 917 1612 973 euangelii
1643 917 1760 960 stric-

180 1017 188 1028 .
239 993 413 1044 tumque
457 1002 691 1031 sermonem
735 988 920 1030 exarabit
960 988 1002 1029 in
1046 988 1202 1030 tabulis
1247 988 1383 1030 cordis
1428 988 1678 1030 carnalibus.
1723 988 1760 1031 si

240 1061 349 1102 enim
380 1061 445 1102 lex
476 1072 549 1114 per
573 1071 743 1100 manum
768 1058 1015 1100 mediatoris
1041 1058 1172 1113 digito
1200 1058 1267 1100 dei
1292 1058 1450 1111 scripta
1475 1061 1541 1101 est
1565 1061 1619 1108 et,
1647 1059 1759 1113 quod

240 1131 500 1172 destructum
545 1132 623 1180 est,
668 1129 949 1184 glorificatum
985 1131 1062 1180 est,
1108 1131 1262 1182 quanto
1302 1129 1436 1184 magis
1475 1129 1758 1184 euangelium,

239 1201 351 1254 quod
393 1214 637 1242 mansurum
675 1202 754 1251 est,
797 1212 871 1253 per
905 1212 1040 1242 meam
1076 1199 1263 1255 linguam
1301 1199 1509 1242 scribetur
1545 1212 1569 1241 a
1605 1200 1758 1254 spiritu

239 1273 397 1322 sancto,
429 1273 478 1313 ut
506 1271 623 1313 illius
655 1270 814 1321 laudes,
836 1270 900 1316 *ad
933 1283 1058 1324 quem
1082 1271 1125 1312 in
1150 1270 1261 1313 Isaia
1287 1270 1456 1312 dicitur:
1488 1271 1758 1313 uelociter

239 1342 415 1395 spolia
441 1342 678 1392 detrahe.
707 1342 816 1383 cito
843 1341 1114 1396 praedare,
1142 1342 1264 1383 uelox
1282 1341 1324 1383 in
1351 1341 1474 1384 corde
1500 1341 1758 1385 credentium

237 1426 373 1455 sermo
406 1410 632 1455 describat!
1343 1407 1346 1414 “

299 1486 337 1525 8.
381 1483 678 1536 Speciosus
715 1483 884 1525 forma
921 1495 1044 1537 prae
1083 1483 1227 1526 filiis
1265 1483 1549 1536 hominum.
1595 1483 1637 1524 in
1674 1484 1758 1526 He-

238 1556 395 1597 braico:
448 1554 638 1596 decore
688 1554 970 1608 pulchrior
1019 1567 1070 1596 es
1115 1554 1259 1597 filiis
1305 1554 1589 1596 hominum.
1639 1554 1756 1598 finito

236 1625 479 1679 prohoemio
528 1625 624 1667 hinc
673 1625 920 1667 narrationis
965 1625 1178 1667 exordium
1222 1627 1287 1667 est
1330 1627 1372 1667 et
1414 1625 1461 1666 fit
1505 1626 1758 1680 apostropha

238 1696 290 1737 ad
319 1696 459 1749 ipsum
498 1689 917 1737 amantissimum'et
954 1695 1157 1737 dilectum
1195 1698 1238 1737 et
1273 1708 1428 1750 regem,
1472 1695 1541 1739 cui
1579 1696 1756 1739 dicentis

237 1778 362 1819 opera
387 1767 629 1807 consecrata
654 1767 764 1807 sunt.
799 1766 1013 1819 quaeritur
1038 1768 1193 1817 autem,
1226 1766 1435 1819 quomodo
1461 1766 1676 1821 pulchrior
1700 1767 1758 1810 sit

238 1836 401 1877 cunctis
439 1835 538 1877 filiis
576 1835 809 1886 hominum,
849 1835 899 1877 de
938 1848 1018 1888 quo
1057 1836 1240 1890 legimus
1278 1837 1320 1878 in
1351 1836 1481 1879 Isaia:
1521 1837 1757 1880 uidimus

240 1919 365 1956 eum,
405 1908 454 1947 et
493 1918 589 1948 non
628 1906 860 1947 habebat
892 1906 1127 1960 speciem
1159 1919 1328 1960 neque
1363 1907 1625 1959 decorem,
1666 1908 1758 1950 sed

239 1979 352 2018 erat
390 1977 603 2031 species
644 1977 759 2018 eius
797 1965 1118 2019 inhonorata
1157 1979 1207 2019 et
1245 1977 1515 2020 deficiens
1554 1992 1578 2020 a
1608 1978 1758 2021 filiis

744 2075 781 2090 Q

357 2140 377 2173 9
405 2138 448 2173 cf.
474 2139 579 2173 Pron.
607 2139 639 2183 3,
665 2139 698 2174 3.
726 2139 757 2182 7,
784 2139 816 2175 3.
837 2138 874 2172 ΙΙ
895 2138 973 2174 Cor.
992 2139 1025 2183 3,
1046 2140 1067 2174 3
1119 2139 1162 2173 10
1184 2139 1227 2174 cf.
1245 2139 1310 2174 Ex,
1330 2140 1387 2184 31,
1411 2140 1452 2174 18
1474 2141 1542 2175 etc.
1598 2140 1639 2174 13
1659 2139 1756 2175 Esai.

238 2198 271 2241 8,
301 2198 315 2232 1
395 2198 438 2231 16
463 2197 522 2232 Ps.
547 2198 605 2240 44,
633 2198 654 2231 3
730 2198 771 2232 17
799 2198 877 2234 *Ps.
904 2198 962 2239 44,
988 2199 1009 2232 3
1077 2199 1119 2232 21
1150 2197 1270 2233 *Esai.
1297 2199 1355 2241 53,
1381 2199 1473 2234 2—3

288 2291 302 2324 1
332 2292 445 2326 ut—4
471 2293 555 2326 sunt
573 2296 673 2336 part.
701 2292 742 2326 in
766 2302 854 2337 ras„
869 2283 1032 2337 partsin
1049 2303 1116 2338 my.
1135 2293 1234 2327 m2B
1308 2294 1363 2338 ut]
1393 2296 1429 2328 et
1447 2294 1546 2329 Bm2
1593 2294 1615 2328 2
1636 2293 1757 2339 corde]

240 2350 327 2384 add.
354 2353 389 2384 et
414 2350 561 2393 L,Bm2
657 2352 678 2385 3
706 2352 797 2385 enim
826 2354 881 2386 est
904 2363 928 2396 g
1043 2352 1145 2397 quasi
1171 2363 1239 2387 om.
1265 2352 1300 2386 L
1395 2354 1416 2388 5
1435 2363 1495 2398 pr.
1522 2353 1595 2398 uel]
1621 2356 1684 2388 aut
1714 2353 1764 2389 W

239 2409 363 2443 cartha
387 2408 475 2443 WX
493 2412 591 2444 carta
610 2410 646 2443 B
718 2414 797 2445 tert.
817 2410 852 2444 in
872 2421 900 2445 s.
922 2411 944 2446 l.
965 2411 1074 2455 m2B‚
1095 2421 1162 2447 om.
1184 2411 1218 2445 L
1272 2411 1294 2446 6
1315 2413 1385 2456 est]
1405 2415 1489 2447 sunt
1515 2411 1565 2447 W
1607 2413 1629 2447 8
1651 2423 1758 2458 quae-

239 2467 318 2500 dam
351 2467 402 2501 W
492 2468 712 2503 breuitatum
737 2469 784 2503 M
891 2469 1091 2514 euangeliis
1121 2470 1173 2505 W
1265 2472 1285 2505 9
1312 2471 1471 2506 exarauit
1496 2471 1533 2507 Β
1631 2472 1675 2507 10
1701 2472 1759 2506 dei

238 2523 312 2569 dig.
344 2525 394 2559 W
510 2527 835 2578 etpquod—glorif.
862 2531 918 2563 est
941 2529 982 2563 in
1006 2540 1072 2574 my.
1098 2530 1208 2574 sz,
1234 2540 1301 2566 om.
1327 2529 1361 2563 L
1472 2530 1514 2564 12
1539 2530 1715 2566 scribetur
1739 2542 1760 2565 a

237 2584 278 2618 in
302 2594 374 2618 ras.
396 2584 493 2618 m2B
518 2586 686 2621 scribitur
706 2598 726 2621 a
751 2586 847 2621 WM
867 2588 1045 2633 scriptura
1063 2588 1097 2622 L
1173 2589 1214 2624 13
1242 2588 1286 2623 ad
1312 2599 1378 2624 om.
1399 2589 1449 2623 M
1542 2600 1647 2634 quem
1666 2600 1757 2625 eras,

239 2644 280 2683 (8.
308 2643 330 2677 l.
359 2643 414 2677 cui
439 2645 516 2687 m2)
543 2644 591 2678 M
613 2656 719 2689 quam
743 2645 794 2680 W
861 2647 952 2682 isaia
975 2646 1079 2681 Laxr.
1105 2647 1232 2692 hysaia
1249 2648 1284 2682 Β
1310 2648 1408 2682 esaia
1433 2648 1484 2682 W
1529 2648 1573 2682 14
1599 2648 1705 2684 corda
1723 2648 1760 2682 B

240 2700 282 2734 15
309 2700 482 2736 discribat
499 2702 720 2742 L‚Xa.c.m2
794 2705 837 2740 16
864 2705 1004 2740 ebraico
1032 2705 1080 2740 W
1151 2707 1193 2740 17
1220 2707 1375 2752 pulcrior
1403 2718 1439 2741 es
1458 2707 1494 2741 Β
1518 2707 1705 2752 pulcrioris
1723 2706 1759 2741 L

240 2760 282 2793 18
309 2759 515 2804 prohoemio
542 2761 631 2796 XM
651 2763 835 2807 prohemio
862 2774 906 2798 ex
929 2764 1087 2809 proemio
1121 2765 1172 2800 W
1198 2765 1380 2810 prooemio
1406 2765 1441 2800 L
1472 2765 1632 2811 proemio
1658 2768 1757 2812 (proe

238 2819 278 2852 in
302 2829 376 2854 ras.
401 2822 479 2863 ⁷112)
505 2821 540 2854 B
637 2823 818 2866 apostrafa
842 2823 877 2857 L
947 2825 988 2858 19
1016 2825 1080 2860 alt.
1107 2828 1144 2860 et
1170 2836 1247 2870 exp.
1272 2826 1378 2860 m2X
1442 2826 1487 2861 20
1512 2826 1669 2871 pulcrior
1687 2826 1758 2862 LB

239 2877 280 2910 21
308 2878 409 2921 ysaia
434 2878 469 2911 B
495 2881 592 2914 esaia
624 2880 673 2915 W
740 2883 786 2916 22
814 2882 940 2917 decore
972 2882 1021 2918 W

1785 1070 1820 1098 ιο
1870 1086 1884 1107 3

1782 1408 1881 1454 15]
