1884 3254
677 216 887 261 Epistula
911 216 1025 252 XLVI
1049 218 1142 252 4—ss
1590 223 1674 264 335

147 348 361 390 occidet
388 346 524 390 illos
555 369 613 376 -
644 345 758 388 haud
789 345 966 388 dubium
999 347 1098 399 quin
1132 346 1358 401 prophetas
1393 372 1444 377 ——
1479 348 1673 398 bestia,

146 430 278 472 quae
311 417 565 460 ascendit
602 430 658 459 ex
689 416 896 471 abysso.
930 419 982 459 et
1013 430 1230 472 corpora
1263 430 1441 460 eorum
1479 419 1529 461 111
1567 420 1668 474 pla-

144 489 252 532 teis
296 488 552 532 ciuitatis
596 501 831 544 magnae,
877 502 1013 542 quae
1056 491 1285 531 uocatur
1327 489 1672 543 spiritaliter

15 595 26 610 -.
145 559 453 603 Sodomaet
477 559 772 616 Aegyptus,
804 560 895 602 ubi
929 562 980 601 et
1012 560 1259 602 dominus
1292 573 1472 603 eorum
1505 561 1670 604 cruci-

11 620 26 654 '2
67 653 70 659 ·
100 643 119 673 11
143 631 287 674 fixus
321 633 431 674 est?
465 631 501 673 si
533 631 672 682 enim‘,
699 631 774 682 ais,
801 631 967 674 ‘ciuitas
993 643 1154 686 magna,
1180 632 1223 673 in
1250 626 1332 685 ilua
1357 631 1578 674 crucifixus
1606 636 1670 675 est

142 702 350 754 dominus,
401 702 647 756 spiritaliter
695 701 878 745 Sodoma
927 702 1162 757 appellatur
1205 704 1248 744 et
1290 703 1525 757 Aegyptus,
1571 716 1668 759 ergo

140 772 410 815 Hierusalem
450 772 634 816 Sodoma
672 776 738 815 est
774 775 816 815 et
852 774 1086 828 Aegyptus,
1124 774 1166 815 in
1211 786 1292 828 qua
1336 774 1560 817 crucifixus
1605 777 1671 817 est

141 843 362 888 dominus'.
395 844 579 899 primum
613 844 720 886 scire
751 846 794 886 te
828 844 1025 887 uolumus
1058 857 1223 886 omnem
1263 846 1452 887 sanctam
1491 845 1669 899 scriptu·
1707 847 1728 881 2

18 943 19 946 ¹
139 927 228 956 ram
258 928 341 958 non
372 928 498 970 posse
532 915 614 957 sibi
646 928 740 958 esse
774 915 1024 961 contrariam
1058 917 1101 957 et
1138 915 1316 958 maxime
1354 929 1484 958 unum
1524 915 1669 958 aduer-

10 999 14 1027 ς
79 995 117 1026 10
141 998 235 1028 sum
268 999 313 1028 se
344 999 426 1028 non
459 986 694 1041 discrepare
724 986 880 1028 librum
912 989 967 1038 et,
999 988 1049 1028 ut
1078 987 1175 1040 plus
1208 986 1457 1036 adiciamus,
1489 985 1667 1028 eundem

11 1044 14 1046 q
137 1056 280 1099 locum
311 1057 504 1099 eiusdem
529 1057 639 1100 libri.
663 1057 706 1099 in
731 1057 989 1112 Apocalypsi
1020 1057 1188 1111 quippe,
1216 1057 1266 1099 de
1299 1070 1382 1111 qua
1413 1069 1523 1099 1111116
1547 1056 1668 1099 testi-

136 1128 325 1170 monium
362 1128 594 1182 protulisti,
632 1130 728 1170 ante
767 1127 913 1170 decem
957 1127 1123 1170 circiter
1164 1128 1402 1170 uersiculos
1446 1127 1666 1170 scribitur:

137 1210 298 1253 surge
325 1200 378 1240 et
401 1199 593 1241 metire
619 1199 878 1253 templum
906 1198 990 1240 dei
1017 1200 1068 1240 et
1095 1199 1268 1240 altare
1295 1201 1347 1240 et
1371 1199 1664 1242 adorantes

135 1269 186 1311 in
208 1281 280 1312 eo.
302 1269 498 1311 atrium
521 1271 712 1320 autem,
734 1269 873 1323 quod
894 1270 977 1311 est
995 1269 1133 1311 foris
1159 1269 1433 1323 templum,
1455 1270 1569 1312 eice
1594 1270 1663 1312 fo-

55 1352 221 1382 «15166
243 1342 372 1382 etue
392 1340 643 1382 metiaris
671 1352 799 1391 eum,
822 1340 1070 1394 quoniam
1098 1339 1276 1382 datum
1299 1342 1380 1382 est
1405 1340 1662 1395 gentibus

138 1413 188 1453 et
219 1411 507 1453 ciuitatem
534 1413 775 1453 sanctam
801 1411 1096 1453 calcabunt
1126 1393 1407 1453 mansibus
1440 1411 1661 1465 quadra-

135 1482 287 1537 ginta
325 1482 546 1525 duobus.
585 1482 622 1524 si
660 1482 770 1524 enim
808 1481 1087 1536 Apocalypsis
1125 1482 1260 1524 multo
1292 1484 1391 1536 post
1421 1483 1661 1536 passionem
1699 1485 1720 1520 3

132 1552 291 1595 domini
322 1554 480 1608 scripta
511 1555 576 1596 est
607 1566 630 1595 a
653 1553 839 1595 Iohanne
873 1555 915 1596 et
944 1554 986 1595 in
1013 1566 1062 1596 ea
1091 1553 1362 1595 Hierusalem
1387 1555 1533 1596 sancta
1559 1553 1662 1596 ciui-

130 1625 196 1666 tas
233 1624 483 1680 appellatur,
522 1624 733 1679 quomodo
770 1637 939 1667 rursum
977 1624 1226 1678 spiritaliter
1263 1623 1446 1668 Sodoma
1483 1627 1662 1668 uocatur

68 1707 106 1737 ao
131 1697 174 1737 et
197 1694 446 1750 Aegyptus?
471 1708 548 1738 nec
575 1695 719 1738 statim
751 1697 871 1750 potes
905 1695 1044 1738 dicere
1070 1697 1258 1738 sanctam
1285 1695 1368 1737 dici
1391 1695 1658 1739 Hierusalem

48 1786 52 1789 ¹
129 1767 372 1818 caelestem,
406 1779 513 1821 quae
549 1767 693 1810 futura
730 1768 809 1816 est,
848 1768 891 1809 et
926 1766 1167 1821 Aegyptum
1209 1768 1252 1808 et
1290 1765 1517 1809 Sodomam
1555 1780 1658 1819 eam,

128 1850 234 1891 quae
273 1837 451 1889 conruit,
490 1838 707 1892 appellari,
740 1837 839 1891 quia
876 1837 926 1879 de
963 1837 1106 1880 futura
1145 1836 1313 1889 dicitur,
1353 1837 1467 1892 quod
1503 1837 1655 1889 bestia,

126 1921 232 1962 quae
263 1921 491 1959 ascensura
521 1911 588 1951 est
619 1909 669 1950 de
701 1909 867 1963 abysso,
893 1908 1023 1951 faciat
1052 1908 1256 1952 aduersus
1290 1909 1395 1952 duos
1428 1910 1655 1964 prophetas

246 2071 279 2106 6.
307 2071 350 2107 19
377 2071 421 2106 cf.
447 2071 559 2117 Apoc.
589 2072 643 2117 11,
670 2072 691 2107 8
767 2072 810 2107 13
835 2071 966 2118 *Apoc.
994 2072 1049 2116 11,
1077 2071 1167 2107 1-2
1242 2072 1286 2107 21
1316 2072 1358 2107 cf.
1384 2071 1494 2108 Hebr.
1523 2073 1580 2114 12,
1607 2072 1653 2108 22

125 2129 172 2164 22
197 2130 242 2166 cf.
268 2130 379 2176 Apoc.
408 2131 463 2173 11,
491 2131 583 2166 7-8

175 2225 189 2259 1
220 2222 353 2260 occidit
370 2225 414 2260 K
459 2226 481 2260 2
507 2224 678 2261 ascendet
700 2225 771 2260 GR
845 2236 916 2261 eor.
942 2226 1113 2261 iacebunt
1135 2225 1169 2261 G
1242 2226 1390 2272 plateis]
1409 2225 1494 2261 add.
1517 2226 1594 2260 eius
1613 2226 1658 2260 K

125 2284 146 2319 3
171 2283 410 2329 spiritualiter
435 2287 472 2319 et
494 2295 519 2329 g
637 2285 661 2319 4
686 2284 820 2320 ubi-6
845 2284 1034 2330 Aegyptus
1060 2295 1127 2320 om.
1153 2285 1190 2319 Β
1310 2286 1336 2319 5·
1358 2285 1494 2320 61-661;
1518 2295 1586 2320 om.
1612 2285 1656 2320 K

121 2343 146 2377 6
173 2342 278 2388 dom.]
307 2343 393 2378 add.
412 2344 513 2379 nulla
541 2345 597 2379 est
621 2343 694 2379 alia
718 2344 789 2379 nisi
813 2344 1031 2380 hierusalem
1056 2344 1119 2379 ubi
1144 2346 1265 2380 autem
1293 2344 1478 2380 crucifixus
1505 2346 1562 2380 est
1587 2344 1650 2378 do-

122 2402 239 2437 minus
263 2413 288 2447 g
382 2403 562 2448 spiritual.
585 2414 610 2448 ς
634 2403 799 2450 (semper)
872 2404 894 2439 8
918 2405 956 2439 te
982 2404 1072 2439 scire
1096 2415 1121 2448 g
1216 2403 1370 2438 uelimus
1394 2404 1431 2439 Β
1498 2404 1519 2438 9
1545 2414 1649 2450 posse

122 2472 179 2496 om
216 2463 251 2496 Β
348 2461 519 2498 aduersus
544 2462 586 2498 K
659 2462 702 2498 10
728 2465 769 2498 ut
794 2474 862 2500 om.
887 2463 925 2498 B
1022 2463 1174 2498 eundem
1199 2473 1267 2498 om.
1293 2463 1337 2498 K
1420 2464 1461 2498 11
1490 2463 1649 2498 eiusdem

121 2520 367 2566 (eiusdemque
389 2523 428 2566 g)
453 2521 538 2556 libri
563 2521 670 2567 (libro
695 2521 752 2567 K)
776 2522 844 2557 loc.
870 2522 972 2568 KBg
1092 2522 1317 2568 apocalipsin
1341 2523 1377 2557 Β
1498 2522 1647 2568 quippe]

122 2590 263 2625 quoque
289 2580 325 2615 Β
387 2581 431 2616 13
458 2580 516 2616 (161
541 2591 609 2616 om.
635 2581 672 2616 B
743 2585 823 2617 tert.
851 2584 888 2617 et
913 2593 980 2618 om.
1006 2582 1043 2616 B
1106 2582 1150 2617 14
1174 2581 1276 2627 foris]
1302 2581 1397 2616 foras
1422 2582 1458 2616 B
1536 2580 1646 2626 foras]

120 2637 208 2673 foris
234 2638 275 2673 K
323 2640 366 2674 15
393 2641 486 2685 eum]
511 2639 603 2675 illud
625 2651 651 2685 g
701 2640 744 2676 16
769 2643 932 2676 sanctam
958 2652 1037 2686 exp.
1062 2641 1107 2676 K
1159 2641 1200 2676 17
1228 2641 1367 2676 duobus
1392 2651 1436 2676 ecc
1461 2640 1587 2675 diebus
1612 2640 1648 2674 B

123 2697 166 2732 18
193 2696 237 2732 ab
262 2698 299 2732 Β
400 2699 634 2734 iherosolima
658 2699 695 2734 Β
781 2700 824 2735 19
849 2700 1087 2746 spiritualiter
1109 2712 1145 2745 g,
1170 2710 1237 2736 om.
1263 2699 1305 2734 K
1389 2700 1435 2735 20
1460 2701 1583 2745 potest
1607 2698 1650 2734 K

123 2755 193 2791 dici
218 2767 286 2792 om.
312 2756 356 2792 K
447 2758 490 2797 21
518 2760 697 2804 aegyptus
723 2761 760 2794 et
783 2759 835 2805 K,
861 2770 929 2797 om.
954 2771 979 2804 ς
1080 2758 1228 2795 sodoma
1253 2758 1295 2793 K
1388 2770 1429 2794 ea
1455 2758 1505 2804 K,
1530 2770 1598 2794 om.
1622 2771 1646 2803 g

122 2815 167 2850 22
194 2815 278 2861 dic]
303 2816 464 2861 loquitur
491 2817 525 2852 G
598 2818 643 2853 23
669 2816 780 2854 faciet
802 2830 828 2864 ς
907 2818 1113 2854 'aduersum
1141 2818 1176 2852 Β
