1884 3254
210 247 294 289 536
755 245 906 280 Sancti
932 244 1187 290 Hieronymi

210 373 338 414 Iudae
363 373 538 415 loculos.
558 372 840 415 humilitatem
869 372 1051 414 uestium
1078 372 1260 414 tumenti
1286 372 1424 414 animo
1445 385 1524 415 non
1544 376 1729 429 appetas,

211 444 487 486 saecularium
521 451 564 486 et
593 443 770 485 maxime
801 443 1038 497 potentium
1077 443 1288 486 consortia
1324 443 1479 486 (lenita.
1518 444 1618 498 quid
1654 444 1732 487 tibi

210 525 380 556 necesse
412 516 476 555 est
506 525 555 554 ea
586 512 729 555 uidere
762 512 963 563 crebrius,
1004 525 1180 567 quorum
1219 515 1463 568 contemptu
1501 514 1731 556 monachus

211 596 302 626 esse
334 583 539 637 coepisti?
578 595 693 625 soror
722 583 945 637 praecipue
975 585 1050 626 tua
1080 586 1363 626 matronarum
1395 584 1575 626 declinet
1605 584 1730 627 collo-

211 654 308 708 quia
348 665 424 696 nec
465 653 579 695 inter
619 654 774 696 sericas
818 650 961 696 uestes
1005 655 1046 696 et
1096 666 1284 708 gemmas
1335 654 1731 697 circumsedentium
1771 668 1791 698 ⁶

209 724 456 766 feminarum
483 736 527 766 se
554 717 811 766 sordidatam
837 726 911 765 aut
936 723 1076 766 doleat
1108 725 1182 766 aut
1211 724 1400 773 miretur,
1434 725 1532 778 quia
1556 725 1733 768 alterum

210 793 413 848 propositi
444 793 711 847 paenitentia,
744 793 923 835 alterum
953 793 1177 836 iactantiae
1211 794 1480 836 seminarium
1508 796 1586 836 est.
1619 806 1733 845 caue,

210 876 259 905 ne
309 863 429 917 quasi
477 863 614 906 fidelis
665 865 708 905 et
755 863 944 906 famosus
993 865 1161 906 tuorum
1214 864 1423 917 quondam
1474 864 1736 919 dispensator

210 934 386 976 alienam
405 934 626 988 pecuniam
647 933 978 976 distribuendam
993 934 1186 988 accipias.
1206 935 1432 990 intellegis,
1454 934 1733 989 quidloquar;
1859 991 1861 993 ι

210 1004 326 1046 dedit
357 1005 466 1046 enim
498 1005 576 1046 tibi
609 999 801 1047 dominus
833 1005 875 1046 in
908 1004 1101 1047 omnibus
1132 1005 1411 1048 intellectum.
1451 1005 1603 1048 habeto
1635 1005 1733 1048 sim·
1758 1020 1794 1049 10
1859 1058 1862 1060 v

210 1075 441 1129 plicitatem
468 1075 701 1126 columbae,
727 1087 780 1117 ne
805 1076 1001 1129 cuiquam
1027 1076 1278 1118 machineris
1304 1076 1437 1127 dolos,
1463 1079 1506 1118 et
1531 1075 1734 1131 serpentis
1858 1075 1865 1107 l

210 1145 426 1196 astutiam,
457 1157 508 1188 ne
541 1145 717 1188 aliorum
751 1146 1034 1200 supplanteris
1065 1146 1244 1188 insidiis.
1278 1134 1355 1189 non
1391 1148 1572 1189 multum
1607 1146 1736 1188 distat

210 1216 249 1258 in
270 1215 375 1258 uitio
397 1217 467 1258 uel
487 1215 679 1270 decipere
699 1228 824 1269 posse
844 1217 914 1259 uel
935 1216 1072 1270 decipi
1089 1216 1387 1259 Christianum.
1411 1230 1533 1270 quem
1555 1217 1735 1260 senseris

209 1286 286 1328 tibi
330 1289 404 1328 aut
447 1298 613 1340 semper
656 1289 730 1329 aut
773 1287 915 1343 crebro
961 1287 1011 1329 de
1051 1287 1235 1330 nummis
1279 1288 1522 1342 loquentem
1566 1289 1736 1341 excepta
1854 1344 1856 1346 Ι

210 1357 460 1411 elemosyna,
494 1370 599 1411 quae
631 1357 912 1400 indifferenter
943 1358 1136 1400 omnibus
1169 1361 1298 1412 patet,
1330 1359 1568 1401 institorem
1594 1358 1735 1413 potius
1760 1373 1796 1403 15
1856 1363 1865 1418 ξ

210 1427 359 1470 habeto
393 1440 514 1480 quam
549 1428 811 1470 monachum.
843 1422 1008 1482 praeter
1037 1429 1201 1471 uictum
1235 1431 1277 1471 et
1308 1429 1512 1472 uestitum
1539 1431 1582 1472 et
1604 1429 1736 1470 mani·
1857 1421 1865 1464 l

1854 1477 1866 1706 ἰ

210 1498 338 1540 festas
375 1498 649 1540 necessitates
688 1498 790 1540 nihil
833 1499 1026 1552 cuiquam
1065 1499 1241 1552 tribuas,
1279 1512 1330 1542 ne
1369 1500 1549 1543 filiorum
1587 1512 1735 1554 panem

213 1580 335 1610 canes
368 1568 600 1611 comedant.

272 1639 307 1680 7.
334 1638 489 1681 Uerum
512 1638 666 1681 Christi
693 1640 899 1693 templum
927 1640 1064 1682 anima
1090 1640 1299 1682 credentis
1326 1643 1409 1682 est:
1437 1640 1553 1682 illam
1574 1612 1736 1692 exorna,

210 1709 325 1750 illam
357 1709 482 1759 nesti,
520 1709 585 1751 illi
617 1709 718 1752 offer
749 1710 929 1761 donaria,
967 1710 1008 1752 in
1048 1710 1121 1752 illa
1153 1710 1367 1753 Christum
1408 1711 1589 1765 suscipe.
1629 1722 1733 1764 quae
1757 1725 1793 1755 zo

212 1779 375 1821 utilitas
407 1780 588 1833 parietes
620 1781 780 1835 fulgere
814 1781 991 1836 gemmis
1026 1783 1068 1823 et
1093 1780 1307 1824 Christum
1339 1782 1379 1823 in
1414 1794 1595 1836 paupere
1626 1781 1736 1823 fame

338 1963 353 1997 1
382 1963 426 1998 cf.
452 1963 581 1998 Matth.
607 1964 663 2007 26,
693 1964 830 1999 14—16
857 1967 925 1999 etc.
1024 1964 1067 1999 10
1094 1963 1137 1999 cf.
1164 1964 1201 1999 ΙΙ
1227 1940 1317 1999 Tim.
1344 1965 1365 1999 2
1405 1965 1423 1999 7
1534 1965 1577 2001 cf.
1604 1964 1735 1999 Matth.

214 2021 268 2066 10,
297 2022 339 2056 16
417 2023 457 2057 17
484 2021 528 2058 cf.
554 2022 686 2057 Matth.
714 2023 768 2066 15,
795 2023 840 2057 26
868 2025 935 2058 etc.

262 2127 277 2161 1
307 2126 405 2161 iudei
429 2127 470 2162 N
571 2127 740 2162 hum.-4
767 2129 881 2174 coep.]
909 2128 1104 2163 monachus
1130 2127 1374 2163 humilitatem
1399 2128 1554 2163 uestium
1580 2129 1736 2163 tumenti

213 2186 330 2220 auimo
356 2197 425 2220 non
454 2188 612 2231 appetat,
640 2187 875 2222 saecularium
902 2187 1082 2223 consortia
1102 2186 1253 2222 deuitet.
1273 2187 1359 2232 quid
1380 2187 1412 2222 ei
1430 2198 1519 2233 opus
1541 2189 1597 2222 est
1614 2187 1737 2222 nidere

214 2243 382 2287 crebrius,
409 2244 504 2289 quod
531 2255 608 2280 csse
635 2245 876 2291 contempsit?
903 2246 938 2281 Γ
1028 2245 1234 2281 humilitate
1260 2245 1454 2291 uestigium
1484 2246 1516 2280 Φ
1586 2246 1609 2280 4
1634 2255 1736 2291 prae-

212 2302 408 2348 (eD)cipua
427 2302 510 2337 DN
578 2304 770 2349 conloquia
792 2305 824 2338 Φ
843 2305 1023 2339 consortia
1041 2316 1065 2349 g
1114 2304 1135 2339 5
1155 2315 1199 2340 ne
1213 2304 1278 2340 Nlc
1351 2304 1483 2350 syricas
1508 2305 1540 2338 Φ
1587 2304 1609 2339 6
1629 2303 1680 2349 se]
1700 2306 1737 2339 et

214 2371 251 2395 se
270 2360 310 2395 N
381 2362 531 2395 miratur
560 2362 591 2396 Φ
652 2362 671 2396 7
698 2363 895 2408 praepositi
920 2362 960 2397 N
1032 2363 1277 2408 paenitentiae
1308 2363 1340 2397 Φ
1394 2363 1415 2398 8
1442 2361 1572 2408 quond.
1597 2364 1689 2397 tuor.
1714 2362 1737 2397 k

214 2420 234 2454 9
263 2430 354 2464 quae
379 2419 600 2463 N,Ba.c.m2
737 2421 864 2466 loquor
888 2421 928 2456 N
1043 2421 1086 2456 10
1111 2421 1339 2456 habeto—13
1365 2421 1514 2466 Christ]
1540 2421 1736 2456 monachus

214 2477 346 2513 habeat
372 2478 640 2524 simplicitatem
669 2479 864 2525 columbae,
890 2491 934 2515 ne
961 2480 1126 2526 cuiquam
1151 2480 1377 2515 machinetur
1402 2479 1514 2524 dolos,
1542 2480 1675 2515 habeat
1701 2482 1738 2514 et

214 2537 388 2581 serpentis
420 2537 602 2579 astutiam,
634 2548 679 2572 ne
712 2538 861 2573 aliorum
896 2538 1148 2584 supplantetur
1178 2537 1329 2580 insidiis,
1361 2539 1444 2583 quia
1477 2549 1547 2573 non
1584 2538 1735 2573 multum

214 2594 329 2629 distat
355 2595 391 2629 in
417 2595 508 2630 uitio
535 2595 592 2630 uel
620 2595 785 2641 decipere
810 2596 868 2631 uel
895 2596 1012 2642 decipi
1033 2597 1066 2631 Γ
1111 2598 1151 2632 11
1182 2597 1364 2642 cuiquam]
1393 2597 1451 2632 cui
1474 2597 1506 2631 Φ
1556 2597 1599 2631 12
1619 2595 1734 2642 subpl.

214 2652 393 2697 DB‚ka.c.
421 2654 512 2699 supl.
537 2654 574 2688 P
622 2654 666 2689 14
693 2657 839 2700 accepta
863 2655 899 2689 B
950 2655 993 2690 15
1019 2655 1330 2701 helemosi(yD)na
1354 2654 1453 2690 chB
1478 2655 1683 2701 elymosyna
1705 2653 1737 2689 Φ

216 2713 317 2756 patet
345 2714 380 2746 et
410 2712 441 2745 Φ
578 2711 822 2747 institutorem
853 2713 1002 2755 Φ,Βα.σ.
1141 2712 1224 2748 hab.
1249 2715 1323 2758 pot.
1350 2711 1392 2746 N
1510 2713 1551 2747 17
1579 2722 1688 2758 panes
1712 2711 1736 2747 k

218 2770 260 2804 18
286 2770 512 2805 commedaut
536 2771 595 2805 kB
669 2772 711 2806 19
736 2771 910 2817 templum
936 2772 995 2816 xpi
1025 2772 1056 2805 Φ
1129 2771 1174 2806 20
1199 2770 1268 2816 illi]
1294 2771 1330 2805 in
1357 2770 1458 2805 illam
1483 2770 1527 2805 N
1616 2771 1675 2815 xpi
1703 2770 1735 2804 Φ

216 2829 355 2872 suscepi
387 2829 418 2862 Φ
444 2830 581 2873 suspice
607 2830 643 2864 B
715 2830 757 2864 21
786 2830 925 2865 utilitas
953 2832 1007 2864 est
1030 2841 1055 2874 g
1151 2829 1275 2874 sugere
1305 2830 1337 2863 Φ
1432 2829 1548 2864 famae
1578 2829 1610 2863 Φ
