1884 3254
245 240 329 282 330
789 237 940 272 Sancti
966 235 1219 281 Hieronymi

186 370 207 404 3
245 367 351 409 tium
397 366 539 408 auium
583 364 833 407 formidare?
871 363 1014 418 igitur,
1054 362 1166 416 quod
1209 362 1348 405 solum
1391 362 1586 405 absentes
1627 363 1763 406 facere

244 449 487 491 possumus,
526 434 723 489 querulas
766 433 983 475 fundimus
1019 442 1165 486 preces
1203 434 1247 474 et
1283 431 1537 475 desiderium
1573 435 1763 476 nostrum

244 520 324 550 non
356 510 441 548 tam
473 505 642 547 fletibus
675 516 799 558 quam
830 502 1090 546 heiulatibus
1123 503 1421 554 contestamur,
1447 504 1496 545 ut
1521 503 1763 546 Marcellam

244 580 428 620 nostram
468 575 586 617 nobis
631 573 778 616 reddas
817 575 859 615 et
895 572 1011 615 illam
1055 572 1218 627 mitem,
1255 572 1373 615 illam
1418 585 1607 625 suauem,
1644 574 1763 616 illam

246 647 354 690 omni
400 646 524 688 melle
569 647 611 687 et
654 643 873 686 dulcedine
918 643 1148 698 dulciorem
1190 656 1272 686 non
1313 644 1487 697 patiaris
1531 644 1643 699 apud
1692 657 1762 687 eas
1802 660 1825 688 ο

245 730 336 760 esse
368 717 545 772 rigidam
580 718 622 758 et
651 716 817 757 tristem
848 727 998 770 rugare
1028 715 1223 766 frontem,
1257 726 1361 769 quas
1393 714 1656 757 adfabilitate
1687 727 1766 758 sua

244 788 296 830 ad
328 787 462 829 simile
495 787 606 828 uitae
639 785 827 828 studium
858 785 1120 839 prouocauit.
1714 798 1717 800 ’

303 860 342 899 2.
375 856 508 909 Certe,
540 856 575 899 si
607 858 707 898 sunt
737 855 924 906 meliora,
957 868 1063 910 quae
1094 855 1324 911 poscimuS,
1349 867 1431 897 non
1463 857 1529 898 est
1556 855 1764 910 inpudens

245 927 511 971 desiderium.
545 928 581 968 si
613 928 787 969 cunctae
826 926 1127 980 scripturarum
1165 939 1292 969 uoces
1330 929 1497 969 nostrae
1534 927 1764 969 sententiae

246 1000 492 1054 congruunt,
529 1010 610 1039 non
647 997 852 1039 faciamus
891 997 1090 1052 audacter
1127 997 1178 1039 ad
1217 1010 1265 1039 ea
1300 999 1343 1039 te
1379 999 1673 1052 prouocantes,
1711 997 1764 1040 ad
1787 1012 1827 1042 ιο

245 1083 348 1124 quae
380 1072 427 1111 tu
458 1082 534 1111 nos
567 1068 812 1123 saepissime
845 1067 1062 1111 cohortata
1094 1081 1152 1110 es.
1183 1067 1319 1122 prima
1351 1079 1430 1111 uox
1461 1068 1528 1110 dei
1559 1068 1612 1111 ad
1635 1068 1765 1117 Abra·
1830 1064 1835 1068 ’

244 1141 359 1182 ham:
399 1139 492 1189 exi,
530 1139 679 1192 inquit,
721 1138 780 1181 de
818 1141 964 1181 terra
1000 1141 1093 1180 tua
1131 1140 1182 1181 et
1219 1138 1278 1181 de
1317 1139 1641 1194 cognatione
1671 1141 1764 1180 tua

185 1220 206 1253 2
245 1214 294 1253 et
337 1211 471 1252 uade
515 1210 565 1251 in
609 1211 820 1261 terram,
866 1222 1017 1264 quam
1067 1209 1380 1252 monstrabo
1429 1209 1550 1253 tibi.
1594 1209 1764 1255 iubetur

242 1281 512 1335 patriarchae,
548 1281 598 1322 ad
631 1293 756 1334 quem
786 1280 970 1335 primum
1003 1280 1052 1321 de
1086 1280 1254 1323 Christo
1287 1283 1352 1322 est
1381 1281 1494 1322 facta
1522 1265 1763 1335 promissio,

242 1354 290 1393 ut
313 1351 525 1405 relinquat
545 1350 798 1402 Cha-Idaeos,-
819 1351 1030 1404 relinquat
1055 1350 1313 1392 confusionis
1339 1350 1486 1392 urbem
1513 1352 1557 1392 et
1580 1349 1762 1401 Roboth,
1786 1366 1825 1394 1⁵

242 1423 284 1464 id
329 1425 394 1464 est
436 1421 681 1464 latitudines
726 1420 831 1473 eius,
874 1420 1083 1475 relinquat
1126 1430 1320 1476 campum
1361 1421 1556 1472 Sennaar,
1593 1420 1636 1462 in
1680 1433 1762 1475 quo

243 1492 461 1546 superbiae
492 1504 626 1546 usque
659 1491 711 1533 ad
743 1491 906 1533 caelum
945 1493 1083 1534 erecta
1119 1491 1246 1534 turris
1285 1493 1363 1542 est,
1396 1494 1438 1533 et
1470 1493 1573 1545 post
1606 1489 1763 1533 fluctus

241 1563 366 1605 istius
406 1562 577 1614 saeculi,
616 1563 714 1616 post
756 1562 941 1614 flumina,
981 1574 1108 1616 super
1152 1574 1258 1616 quae
1303 1562 1502 1604 sederunt
1544 1561 1679 1621 sancti
1721 1563 1765 1603 et

241 1633 460 1683 fleuerunt,
512 1646 607 1675 cum
657 1633 974 1676 recordarentur
1022 1632 1135 1683 Sion,
1184 1636 1282 1687 post
1331 1646 1504 1688 grauem
1553 1632 1763 1688 gurgitem

243 1704 419 1755 Chobar,
452 1704 502 1746 de
535 1717 616 1758 quo
644 1703 886 1746 Hiezechiel
911 1703 1064 1758 capillo
1090 1703 1265 1745 uerticis
1292 1703 1541 1746 subleuatus
1566 1703 1764 1745 Hieroso·
1785 1720 1826 1750 ω

239 1776 353 1830 lyma
395 1787 530 1829 usque
573 1774 836 1826 transfertur,
875 1774 1039 1816 habitet
1074 1776 1228 1816 terram
1265 1774 1618 1828 repromissionis,
1657 1785 1762 1827 quae

240 1858 320 1887 non
347 1845 506 1900 rigatur
536 1848 585 1886 ut
610 1845 828 1899 Aegyptus
856 1844 906 1886 de
933 1844 1142 1896 deorsum,
1170 1844 1242 1886 sed
1269 1843 1319 1886 de
1352 1856 1536 1895 sursum,
1562 1856 1638 1886 nec
1662 1844 1764 1886 facit

361 2033 403 2066 12
431 2031 542 2067 *Gen.
571 2032 626 2075 12,
653 2031 670 2066 1
749 2031 792 2066 15
819 2031 863 2066 cf.
891 2030 980 2066 Gen.
1001 2031 1056 2073 11,
1077 2031 1098 2066 9
1196 2030 1240 2065 cf.
1262 2029 1350 2066 Gen.
1371 2031 1428 2075 36,
1448 2031 1505 2066 37.
1525 2030 1544 2065 I
1562 2030 1642 2065 Par.
1665 2030 1696 2075 1,
1714 2030 1762 2065 48

243 2091 285 2125 16
312 2090 355 2125 cf.
384 2089 473 2125 Gen.
502 2090 556 2134 11,
582 2091 602 2125 2
629 2101 707 2135 sqq.
784 2090 827 2126 18
854 2089 897 2125 cf.
922 2090 982 2124 Ps.
1010 2090 1089 2134 136,
1119 2090 1135 2123 1
1210 2089 1256 2125 20
1283 2088 1327 2124 cf.
1351 2088 1482 2125 Ezecll.
1507 2089 1541 2133 8,
1567 2089 1589 2123 3

288 2231 308 2263 2
334 2230 370 2264 in
405 2230 570 2274 querulas
602 2230 783 2265 fundimur
808 2231 851 2266 K
877 2231 1063 2276 inquerule
1089 2230 1346 2276 respondemus
1371 2231 1407 2265 Β
1527 2231 1549 2266 3
1573 2241 1644 2265 non
1670 2231 1762 2276 tam]

241 2291 365 2322 uotum
392 2289 426 2322 Β
497 2290 519 2323 4
545 2288 673 2323 reddat
697 2289 741 2323 K
809 2293 887 2325 tert.
914 2290 1012 2324 illam
1040 2301 1106 2325 om.
1132 2291 1169 2325 Β
1241 2290 1262 2324 5
1290 2290 1445 2324 omnium
1470 2289 1504 2325 G'-
1576 2292 1614 2324 et
1637 2300 1705 2325 om.
1724 2289 1765 2324 B

242 2348 262 2382 6
287 2358 434 2392 rugasse
461 2347 496 2380 B
588 2349 607 2382 7
634 2348 787 2383 similem
812 2349 970 2391 K‚Aa.r.
1068 2349 1189 2384 ouitae
1214 2349 1350 2394 (obitas
1374 2350 1453 2395 m2)
1478 2349 1515 2384 A
1606 2348 1651 2384 10
1675 2359 1758 2383 con·

241 2407 372 2450 gruant
396 2405 439 2439 K
518 2406 669 2440 facimus
695 2407 730 2441 A
815 2419 892 2442 eam
919 2408 953 2442 A
1037 2406 1154 2454 adque
1183 2408 1337 2450 Ga.c.‚A
1364 2410 1488 2452 (atque
1512 2409 1588 2452 m2)
1649 2407 1691 2442 11
1717 2408 1759 2442 tu

240 2474 306 2498 om.
335 2463 377 2497 K
447 2464 644 2500 cohortaris
669 2466 704 2499 Β
766 2468 809 2501 13
838 2469 873 2501 et
898 2467 989 2502 uade
1014 2478 1082 2502 om.
1107 2467 1151 2502 K
1224 2469 1471 2502 monstrauero
1495 2467 1533 2502 B
1594 2467 1638 2502 14
1661 2466 1760 2502 facta

241 2524 296 2557 est
319 2522 362 2556 K
385 2522 482 2558 facta
506 2523 541 2557 B
670 2526 897 2569 repromissio
922 2527 995 2561 AB
1116 2528 1159 2562 15
1186 2527 1240 2572 ut]
1268 2529 1331 2561 aut
1356 2527 1392 2561 A
1517 2526 1660 2562 caldeos
1687 2525 1763 2561 GR

240 2581 369 2616 roboth
403 2582 461 2625 (=
494 2580 647 2625 6Ρωβώθ·
676 2583 704 2616 Ι
729 2583 820 2619 Ραν.
852 2585 882 2629 1,
917 2586 981 2631 48)
1017 2585 1051 2620 G
1088 2585 1240 2620 roboath
1271 2585 1316 2619 K
1347 2584 1502 2624 robooth
1531 2585 1568 2619 A
1603 2584 1691 2620 roob
1721 2584 1759 2619 B

242 2639 394 2674 rooboth
418 2651 443 2684 ς
517 2640 559 2676 16
585 2641 814 2676 latitudinem
840 2654 865 2687 g
961 2640 1108 2679 sennaiu
1135 2644 1172 2678 Β
1245 2644 1288 2679 18
1315 2655 1420 2689 quem
1444 2645 1481 2679 A
1553 2644 1599 2678 20
1624 2643 1762 2678 chobor

245 2697 345 2733 Ga.c.
373 2698 481 2733 cobar
504 2699 541 2734 Β
643 2699 817 2735 hiezehiel
842 2701 885 2735 K
908 2702 1063 2737 ezechiel
1087 2702 1160 2737 AB
1267 2702 1478 2738 subleuatur
1501 2702 1538 2736 Β
1638 2702 1757 2737 hiero-

241 2756 410 2802 solymam
436 2757 480 2792 K
499 2757 712 2793 hierusalem
738 2759 774 2793 A
894 2760 936 2794 21
966 2762 1007 2795 ut
1031 2761 1176 2796 habitet
1197 2773 1222 2806 ς
1357 2763 1453 2797 terra
1477 2762 1512 2796 A
1537 2761 1574 2796 in
1598 2762 1694 2796 terra
1717 2759 1763 2795 K

240 2815 284 2849 22
309 2816 487 2871 inrigatur
512 2817 547 2850 A
644 2817 706 2852 sed
734 2816 776 2852 de
802 2820 958 2864 sursum]
986 2830 1053 2854 om.
1080 2820 1115 2854 A
1141 2819 1310 2855 decursus
1336 2820 1372 2855 Β
