1884 3254
194 265 279 307 452
737 258 886 293 Sancti
912 255 1170 300 Hieronymi

195 390 377 434 doctoris
409 389 566 432 uirtus!
607 411 663 418 --
702 386 846 428 eadem
884 384 987 426 hora
1024 382 1169 434 credit,
1207 382 1457 437 baptizatur,
1494 382 1630 425 fidelis
1671 385 1715 425 et

194 463 365 504 sanctus
387 461 452 501 est
470 470 518 500 ac
537 457 740 512 magister
759 455 809 497 ‹le
830 453 1059 507 discipulo:
1079 453 1175 508 plus
1202 453 1243 494 in
1263 452 1427 496 deserto
1447 453 1561 496 fonte
1587 454 1715 496 eccle-

194 531 280 574 siae
313 542 438 584 quam
469 529 510 570 in
543 530 686 570 aurato
719 525 878 580 templo
909 523 1094 578 repperit
1124 536 1374 579 synagogae.

254 601 293 642 6.
309 600 423 641 Haec
443 611 466 640 a
485 610 551 640 me
571 596 795 653 perstricta
814 597 913 638 sunt
931 594 1117 637 breuiter
1130 618 1187 624 -
1200 607 1334 649 neque
1349 594 1459 637 enim
1474 595 1715 648 epistularis

195 670 390 726 angustia
410 668 580 723 euagari
598 667 767 722 longius
788 666 1028 720 patiebatur
1041 655 1111 715 —-',
1125 667 1175 707 ut
1187 665 1455 720 intellegeres
1474 667 1517 707 te
1530 665 1571 707 in
1588 665 1716 719 scrip·
1753 678 1771 706 5

194 741 300 783 turis
333 739 489 782 sanctis
528 739 617 781 sine
654 737 826 791 praeuio
865 738 907 778 et
943 737 1204 779 monstrante
1241 735 1436 778 semitam
1474 747 1554 778 non
1590 748 1715 790 posse

195 810 368 865 ingredi.
397 811 515 851 taceo
543 809 593 850 de
625 806 927 863 grammaticis,
958 806 1209 857 rhetoribus,
1241 805 1519 860 philosophis,
1551 817 1717 861 geome-

193 880 326 930 tricis,
359 878 607 929 dialecticis,
639 877 829 927 musicis,
855 876 1095 931 astrologis,
1122 876 1311 927 medicis,
1339 888 1515 931 quorum
1541 875 1717 936 seientia

195 950 444 994 mortalibus
472 949 552 991 vel
588 948 820 991 utilissima
857 937 922 989 esi}
960 949 1003 989 et
1038 947 1080 989 in
1112 948 1197 989 tres
1234 948 1374 1000 partes
1413 946 1641 989 scinditur:
1671 946 1715 986 τό
1772 973 1782 985 .

194 1022 337 1076 δόγμα,
380 1020 449 1075 τὴν
495 1019 682 1075 μέθοδον,
719 1018 788 1074 τῂν
836 1015 1050 1074 ἐμπειρίαν.
1097 1018 1148 1060 ad
1184 1018 1366 1060 minores
1403 1017 1570 1060 ueniam
1607 1019 1716 1060 artes
1741 1029 1779 1070 10

197 1094 239 1133 et
270 1095 374 1145 quae
405 1103 485 1133 non
517 1093 604 1132 tam
635 1089 758 1143 λόγῳ,
790 1101 916 1143 quam
947 1101 1074 1130 manu
1106 1088 1464 1132 administrantur.
1495 1088 1717 1144 agricolae,

197 1161 478 1212 caementarii,
516 1160 636 1211 fabri,
673 1159 944 1202 metallorum
989 1159 1285 1215 lignorumque
1329 1171 1533 1211 caesores,
1571 1159 1719 1201 lanarii

197 1244 362 1285 quoque
411 1234 454 1274 et
495 1231 677 1274 fullones
729 1233 771 1273 et
814 1230 956 1282 ceteri,
1002 1231 1074 1284 qui
1118 1230 1278 1273 uariam
1324 1229 1633 1284 supellectilem
1678 1231 1720 1271 et

195 1303 299 1344 uilia
336 1301 845 1357 opusculafabricantur,
891 1301 1048 1355 absque
1081 1300 1250 1344 doctore
1287 1314 1366 1344 non
1399 1303 1579 1354 possunt
1609 1312 1716 1351 esse,

197 1373 309 1427 quod
341 1373 530 1428 cupiunt.
1744 1384 1780 1418 1⁵
1852 1407 1854 1409 ,

245 1593 261 1627 1
291 1591 445 1627 credidit
468 1590 584 1634 fils,-
609 1591 693 1626 add.
721 1591 905 1628 eunuchus
931 1590 1034 1626 codd.
1057 1594 1205 1634 praeter
1228 1590 1298 1626 λΗ
1400 1575 1654 1636 baptizabatur
1677 1590 1722 1632 H

196 1651 217 1685 2
251 1652 306 1686 est
337 1661 404 1686 om.
436 1651 462 1684 λ
606 1649 659 1695 ac]
694 1651 731 1684 et
760 1649 803 1684 fit
833 1648 864 1684 S
989 1648 1032 1683 dc
1065 1649 1152 1684 disc.
1185 1660 1278 1694 mag.
1308 1661 1351 1694 35
1388 1649 1474 1684 add.
1507 1648 1663 1685 efficitur
1693 1651 1718 1684 λ

197 1709 253 1756 de]
281 1721 298 1744 e
325 1709 355 1745 S
493 1709 514 1744 3
542 1709 660 1754 sy(i)n.
685 1708 821 1754 templo
851 1719 950 1756 repp.
978 1707 1081 1743 codd.
1110 1712 1227 1752 praet.
1254 1708 1325 1743 λΗ
1451 1709 1475 1743 4
1504 1709 1719 1754 perstrincta

197 1769 334 1804 Za.r.D
358 1768 553 1814 perstrinta
577 1769 602 1803 λ
627 1768 869 1813 praestrincta
899 1769 936 1810 (n
962 1768 1068 1810 eras.)
1093 1767 1130 1801 P
1158 1767 1294 1813 scripta
1323 1767 1367 1801 H
1505 1767 1604 1802 breu.
1637 1770 1720 1802 sunt
1763 1788 1771 1794 ·

196 1828 235 1863 D
354 1838 419 1862 nec
444 1827 488 1862 H
628 1827 722 1862 enim
748 1837 814 1862 om.
842 1825 873 1861 S
1015 1826 1226 1872 epistolares
1252 1827 1440 1872 angustiae
1465 1826 1502 1860 P
1524 1826 1719 1871 aepistula-

196 1888 245 1922 ris
271 1887 440 1933 angussia
466 1887 491 1922 λ
588 1887 609 1921 5
635 1885 761 1931 uagari
785 1885 822 1920 P
920 1884 1155 1930 patiebantur
1178 1885 1215 1919 P
1310 1885 1330 1919 7
1357 1887 1509 1930 gramat.
1534 1884 1608 1929 25¹,-
1633 1884 1720 1920 add.

199 1948 236 1980 et
259 1946 304 1980 H
395 1945 528 1980 rethor.
554 1944 693 1980 AHDS
715 1945 874 1980 hrethor.
902 1944 935 1979 Σ
1037 1943 1126 1989 phil.
1152 1954 1269 1989 geom.
1295 1955 1362 1980 om.
1387 1944 1432 1978 H
1452 1945 1512 1989 (cf.
1539 1944 1644 1989 insm
1671 1944 1722 1980 ad

201 2007 289 2049 453,
311 2007 349 2050 2)
422 1992 604 2050 philophis
625 2015 668 2040 ex
692 1997 849 2049 philopis
874 2005 899 2039 λ
978 2003 1210 2049 geumetricis
1233 2004 1260 2038 λ
1284 2003 1479 2048 geometris
1502 2003 1539 2038 P
1596 2003 1617 2038 8
1644 2002 1721 2038 dia-

198 2064 317 2099 leticis
344 2063 373 2099 S
397 2063 563 2099 dialectis
589 2062 706 2098 dualis
731 2061 842 2098 dictio
869 2062 1009 2097 dialixis
1036 2061 1152 2097 dualis
1178 2061 1288 2097 dictio
1313 2061 1484 2108 proponit
1512 2054 1625 2096 sumit
1649 2061 1721 2096 for—

198 2134 291 2158 mam
318 2123 538 2158 testimoniis
564 2124 672 2168 atque
699 2120 815 2157 cludit
838 2121 884 2155 H
974 2120 1139 2156 mussicis
1164 2122 1189 2156 2
1297 2120 1490 2166 astrologis
1513 2120 1583 2156 λΗ
1606 2122 1720 2155 astro-

198 2182 315 2217 nomis
341 2182 473 2226 (-micis
499 2181 572 2225 ΣΒ)
600 2180 794 2226 astrologis
821 2185 883 2216 cet.
980 2190 1130 2226 quarum
1156 2179 1186 2215 S
1254 2180 1275 2215 9
1303 2178 1412 2214 uelud
1436 2178 1481 2213 H
1574 2177 1721 2215 ΟΛΟΛ-

200 2239 975 2282 ΜΑΤΗΝΜΕΟΟΔΟΝΤΝΝΕΜΤΙΟΡΙΑΠ
1000 2239 1037 2274 Ρ
1064 2238 1308 2274 todocmaten.
1331 2240 1570 2274 metontoten.
1596 2238 1718 2284 perien

199 2300 225 2334 λ
250 2301 288 2333 to
317 2298 446 2343 dogma
470 2301 531 2333 ten
554 2298 751 2344 disciplina
776 2299 978 2333 metototen
1005 2298 1286 2343 experimentum
1315 2297 1438 2343 perian
1462 2297 1595 2342 peritia
1618 2296 1662 2331 H
1683 2297 1720 2331 in

201 2356 399 2392 doctrinam
424 2356 929 2398 EPEATMANNMEOAEN
952 2342 1128 2393 ratioffem
1152 2355 1487 2391 IHNZAPINPAN
1512 2358 1550 2391 et
1573 2366 1675 2391 usum
1695 2355 1728 2390 Σ

200 2414 322 2460 (simil.
348 2415 401 2460 D)
432 2415 468 2449 in
502 2415 676 2450 doctrina.
707 2414 1127 2451 TOAOrNuJTHNME.
1158 2415 1309 2450 ratione.
1335 2413 1723 2450 ΘΟΔΟΝΤΗΝΜΙΤῙ-

201 2472 315 2508 ΠΟΝ.
343 2476 380 2508 et
404 2485 470 2508 usu
496 2473 526 2508 S
599 2474 641 2509 10
668 2474 727 2520 ad]
757 2476 794 2509 et
818 2476 860 2508 ut
885 2473 930 2509 ad
956 2473 986 2509 S
1080 2485 1160 2509 uen.
1189 2476 1255 2509 art.
1274 2475 1299 2509 λ
1325 2475 1391 2508 art.
1417 2474 1552 2518 (partes
1570 2474 1616 2519 Σ)
1641 2484 1720 2509 nen.

201 2554 263 2585 cet.
364 2550 405 2584 11
434 2551 471 2585 et
495 2561 562 2585 om.
588 2552 613 2585 λ
720 2552 803 2596 logo
829 2552 854 2587 λ
878 2551 963 2596 logo
989 2551 1099 2586 uerbo
1125 2551 1169 2585 H
1189 2551 1270 2586 loco
1296 2561 1340 2586 επ
1363 2550 1489 2596 lingua
1514 2551 1547 2585 Σ
1565 2549 1644 2595 ling
1668 2550 1724 2594 (in

200 2610 290 2655 ras.)
315 2608 354 2644 D
450 2610 630 2654 agriculae
655 2610 830 2653 λΗ,Σα.ο.
857 2610 1044 2655 agrigulae
1069 2621 1114 2645 ex
1138 2610 1320 2654 acrigulae
1338 2610 1374 2645 P
1445 2610 1489 2644 12
1515 2609 1724 2645 cementarii

202 2668 242 2709 (ii
262 2678 305 2702 ex
322 2667 334 2701 i
353 2670 428 2711 m2)
443 2668 467 2702 λ
487 2668 688 2703 cimentarii
708 2669 751 2703 H
819 2669 1044 2714 lignorumue
1066 2670 1099 2703 Σ
1112 2671 1169 2712 (ue
1190 2668 1276 2704 add.
1297 2672 1366 2712 m1)
1386 2668 1424 2703 D
1443 2670 1480 2703 et
1496 2667 1676 2713 lignorum
1696 2668 1725 2702 S

203 2736 362 2761 cessores
387 2727 412 2761 λ.
496 2727 611 2762 lauari
636 2728 660 2762 λ
736 2727 779 2762 13
804 2727 958 2763 fellones
983 2727 1027 2762 H
1097 2727 1248 2772 suppell.
1275 2728 1304 2762 S
1327 2727 1465 2772 suppel.
1490 2727 1526 2760 P
1549 2725 1661 2772 supel.
1680 2725 1726 2760 H

204 2784 319 2828 suppl.
340 2785 399 2819 λΣ
464 2786 507 2819 14
532 2785 712 2820 fabricant
731 2786 837 2830 Πρω.
935 2785 1117 2821 doctorem
1138 2786 1183 2820 H
1273 2797 1343 2821 non
1369 2795 1436 2820 om.
1457 2785 1487 2821 S
1558 2782 1600 2821 15
1627 2784 1722 2830 quod

205 2841 301 2886 cup.]
330 2843 388 2885 qui
417 2843 556 2887 cupium
583 2843 626 2877 H
