1884 3254
85 698 102 726 5

66 1052 100 1080 10

69 1407 103 1436 15

67 1761 102 1790 20

679 272 893 318 Epistula
917 272 998 308 LVI
1023 272 1115 308 1-2
1574 277 1658 321 497

129 403 354 446 concordia
397 403 614 445 dumtaxat
659 405 702 444 et
743 402 1029 445 familiaritate
1078 403 1300 454 fidissima,
1351 416 1431 446 non
1482 405 1660 456 meritis,

130 475 283 527 quibus
321 474 394 516 ille
439 473 667 516 antecellit.
718 474 817 527 quia
859 486 958 529 ergo
1002 487 1069 516 me
1119 474 1318 529 primitus
1369 475 1661 518 communione

122 545 316 599 spiritus,
345 557 426 599 quo
451 545 495 587 in
521 558 653 587 unum
678 545 866 596 nitimur,
900 545 1049 587 deinde
1074 546 1191 588 illius
1219 558 1266 588 ex
1293 559 1362 588 ore
1387 546 1471 588 iam
1500 546 1659 602 diligis,

126 628 390 669 nequaquam
415 615 669 670 inpudenter
695 616 817 670 quasi
844 616 996 671 aliquis
1023 617 1197 672 ignotus
1225 617 1472 660 commendo
1500 630 1661 673 germa-

128 686 250 728 nitati
276 688 373 728 tuae
398 686 572 728 fratrem
593 687 883 740 Profuturum,
911 700 1034 741 quem
1062 687 1218 730 nostris
1247 687 1482 739 conatibus,
1511 688 1660 730 deinde

125 757 333 800 adiutorio
358 759 433 800 tuo
460 770 558 799 uere
584 757 854 811 profuturum
880 771 1120 812 speramus3
1154 758 1239 800 nisi
1265 759 1386 812 forte,
1421 759 1535 813 quod
1559 759 1659 802 talis

126 830 203 877 est,
243 829 293 869 ut
321 828 413 882 ipse
445 828 525 869 tibi
556 841 630 881 per
662 841 757 870 eum
792 828 890 870 fiam
932 829 1275 881 commendatior,
1315 843 1441 884 quam
1477 829 1550 875 ille
1587 843 1662 885 per

126 911 206 940 me.
245 898 450 941 hactenus
482 898 664 941 fortasse
698 899 879 942 scribere
912 900 1141 951 debuerim,
1184 901 1220 942 si
1253 913 1347 943 esse
1378 901 1535 943 uellem
1575 901 1661 956 epi-

127 968 340 1011 stularum·
375 969 647 1011 sollemnium
683 982 800 1012 more
837 972 1079 1020 contentus3
1126 971 1200 1013 sed
1239 973 1373 1014 scatet
1411 971 1575 1013 animus
1619 971 1661 1013 in

125 1036 317 1093 loquelas
352 1040 723 1083 communicandas
755 1043 896 1083 tecum
931 1041 980 1083 de
1014 1041 1170 1084 studiis
1196 1042 1366 1093 nostris,
1401 1055 1508 1096 quae
1533 1042 1661 1084 habe-

126 1123 222 1152 mus
247 1110 290 1152 in
312 1110 479 1153 Christo
499 1111 611 1163 Iesu,
639 1111 807 1154 domino
834 1114 991 1163 nostro,
1020 1112 1092 1166 qui
1118 1112 1239 1155 nobis
1265 1113 1422 1155 multas
1449 1112 1661 1156 utilitates

127 1183 169 1222 et
198 1181 358 1223 uiatica
390 1182 598 1236 quaedam
632 1182 911 1225 demonstrati
942 1196 966 1224 a
998 1195 1043 1226 se
1074 1183 1240 1226 itineris
1274 1183 1400 1225 etiam
1431 1196 1506 1238 per
1543 1186 1661 1226 tuam

127 1251 346 1294 caritatem
378 1265 459 1294 non
491 1253 762 1295 mediocriter
792 1253 1032 1296 ministrare
1065 1253 1274 1309 dignatur.

187 1323 225 1366 2.
260 1323 449 1365 Petimus
475 1336 573 1379 ergo
601 1326 642 1366 et
665 1324 889 1367 nobiscum
915 1325 1023 1379 petit
1049 1322 1186 1367 omnis
1212 1324 1501 1367 Africanarum
1530 1325 1661 1367 eccle·

129 1393 284 1435 siarum
319 1394 512 1437 studiosa
551 1395 747 1446 societas,
785 1397 835 1437 ut
870 1395 1195 1450 interpretandis
1234 1408 1378 1438 eorum
1414 1395 1550 1448 libris,
1591 1396 1661 1450 qui
1720 1421 1723 1424 ·

130 1463 288 1507 Graece
327 1464 556 1518 scripturas
595 1467 760 1508 nostras
800 1476 925 1519 quam
970 1465 1129 1520 optime
1172 1467 1474 1517 tractauerunt,
1518 1478 1660 1508 curam

129 1537 254 1590 atque
287 1548 454 1589 operam
484 1536 709 1590 inpendere
740 1549 821 1578 non
854 1536 1054 1592 graueris.
1091 1538 1212 1590 potes
1245 1536 1358 1578 enim
1396 1535 1574 1587 efficere,
1613 1539 1662 1578 ut

127 1619 202 1649 nos
235 1618 402 1660 quoque
433 1606 665 1656 habeamus
697 1607 806 1650 tales
836 1607 935 1650 illos
973 1608 1089 1651 uiros
1129 1609 1172 1649 et
1209 1620 1340 1650 unum
1372 1607 1660 1661 potissimum,

129 1690 254 1731 quem
285 1677 488 1729 libentius
519 1678 563 1719 in
594 1677 681 1720 tuis
713 1678 870 1721 litteris
910 1691 1048 1722 sonas.
1091 1677 1141 1720 de
1179 1677 1399 1721 uertendis
1438 1679 1580 1720 autem
1618 1678 1658 1720 in

126 1748 317 1803 linguam
350 1748 542 1790 Latinam
576 1749 733 1791 sanctis
755 1749 921 1794 ‚litteris
955 1749 1165 1792 canonicis
1197 1749 1389 1792 laborare
1426 1750 1469 1791 te
1505 1748 1661 1791 nollem

127 1819 210 1861 nisi
243 1832 290 1861 eo
328 1819 468 1870 modo,
508 1832 589 1874 quo
628 1819 720 1862 Iob·
742 1820 1044 1874 interpretatus
1078 1833 1138 1872 es,
1183 1822 1232 1862 ut
1270 1819 1403 1875 signis
1428 1818 1661 1871 adhibitis,

129 1889 230 1944 quid
260 1890 370 1932 inter
400 1890 506 1932 hanc
538 1892 657 1932 tuam
691 1893 732 1933 et
765 1890 1057 1946 Septuaginta,
1096 1903 1275 1945 quorum
1308 1892 1374 1933 est
1406 1889 1664 1946 grauissima

179 2097 195 2131 1
222 2096 433 2132 foedissima
462 2098 494 2131 Φ
613 2097 634 2131 2
662 2107 729 2142 ego
757 2097 887 2142 l,Ba.c.
1007 2098 1028 2132 3
1055 2097 1233 2132 nectimur
1255 2107 1280 2142 g
1383 2108 1488 2142 quem
1513 2098 1585 2134 iam
1610 2097 1661 2133 ΖΒ

130 2157 150 2190 5
177 2156 259 2191 dein
284 2157 321 2191 B
346 2158 482 2201 (eras),
509 2167 576 2192 om.
607 2157 639 2190 Φ
711 2157 732 2192 6
759 2168 843 2191 uero
870 2156 1057 2203 profuturo
1088 2157 1120 2191 Φ
1201 2157 1220 2192 7
1246 2157 1311 2191 fiar
1335 2156 1425 2198 L‚D
1449 2158 1484 2202 (r
1506 2157 1548 2193 in
1571 2158 1661 2201 ra8·)

129 2216 193 2250 fiat
217 2217 249 2258 (t
272 2216 313 2251 in
337 2219 427 2260 ras.)
453 2216 498 2250 M
577 2216 599 2251 8
624 2216 720 2251 hact.
746 2216 808 2251 Ml
833 2221 900 2251 act.
927 2220 991 2252 cet.
1090 2216 1282 2252 debueram
1308 2216 1661 2261 Dl‚Ma.c.m2Bp.c.

130 2273 174 2318 si]
202 2276 248 2309 ut·
267 2276 374 2317 (eras.
399 2274 497 2320 ΜΒ)
524 2274 554 2309 si
580 2274 635 2317 (in
659 2284 733 2309 ras.
759 2274 808 2318 B)
832 2274 1028 2309 FLDMB
1137 2275 1159 2309 9
1187 2276 1416 2320 contemptus
1441 2274 1481 2308 F
1505 2285 1660 2310 conuen-

130 2336 187 2367 tus
214 2333 227 2368 l
336 2335 446 2368 scatit
475 2334 507 2367 Φ
531 2333 627 2368 sicut
653 2336 689 2368 et
719 2332 772 2368 W
865 2334 908 2368 10
933 2333 1104 2378 loquillas
1135 2334 1167 2367 Φ
1269 2332 1600 2369 communicandum
1630 2334 1663 2367 Φ

130 2391 188 2437 de]
216 2391 302 2428 add.
327 2391 384 2426 his
409 2391 550 2436 F,Ls.z.
652 2392 692 2427 11
719 2392 803 2428 Iesu
828 2403 897 2428 om.
927 2393 959 2427 Φ
1071 2392 1284 2427 inutilitatis
1313 2393 1346 2426 Φ
1443 2393 1487 2427 12
1513 2391 1660 2427 demon-

130 2452 258 2485 stranti
283 2451 315 2485 Φ
334 2450 600 2486 demonstrauit
617 2451 847 2494 FLD,Ba.r.
868 2451 1085 2486 monstrauit
1104 2450 1118 2487 Ζ
1186 2462 1207 2486 a
1226 2463 1263 2487 se
1283 2461 1352 2487 om.
1370 2450 1661 2493 FLDl,MBa.c.

133 2510 175 2545 13
201 2512 402 2544 monstrare
427 2510 441 2545 l
539 2510 583 2545 14
610 2512 647 2545 et
672 2521 739 2546 om.
771 2511 804 2545 Φ
922 2510 1027 2546 nobis
1054 2510 1227 2556 competit
1259 2509 1310 2546 W
1425 2520 1547 2545 omnes
1579 2509 1662 2544 ΨΦ

131 2568 382 2603 affricanarum
407 2569 444 2603 B
470 2568 707 2604 africanorum
732 2569 1008 2614 FLDQMaae.
1110 2569 1153 2604 15
1178 2569 1234 2614 ut]
1262 2571 1300 2604 et
1329 2568 1381 2604 W
1401 2571 1443 2604 ut
1467 2569 1503 2603 in
1531 2568 1660 2614 l,Bp.c.

133 2627 174 2661 17
202 2629 325 2672 potest
349 2626 424 2662 FD
498 2628 542 2662 18
568 2627 609 2663 ill
650 2628 714 2663 tal.
740 2628 844 2663 codd.
864 2632 985 2674 praet.
1018 2628 1101 2663 ΨΦ
1176 2628 1218 2663 19
1246 2638 1352 2674 quem
1385 2627 1480 2671 ΨΦ,
1508 2626 1594 2662 add.
1619 2628 1661 2661 tu

132 2690 194 2721 cet.
268 2697 439 2732 personas
464 2687 496 2721 Φ
545 2687 590 2722 20
615 2687 678 2722 lat.
705 2687 793 2733 ling.
813 2699 837 2733 g
909 2688 1059 2733 sanctis]
1087 2687 1136 2722 sis
1163 2687 1246 2730 (del.
1272 2689 1348 2730 m2)
1375 2686 1426 2722 W
1493 2686 1608 2721 nollet
1630 2686 1663 2720 Φ

132 2746 174 2780 21
192 2746 274 2791 nisi]
291 2745 377 2782 add.
391 2746 613 2792 praedicatio
628 2748 753 2782 nostra
766 2747 882 2782 inanis
898 2750 953 2783 est
965 2746 1037 2782 FL
1050 2746 1113 2791 (cf.
1129 2747 1156 2781 Ι
1172 2746 1253 2782 Gor.
1267 2748 1325 2790 15,
1340 2748 1386 2781 14
1400 2749 1433 2782 et
1441 2756 1480 2790 p.
1500 2747 1591 2789 500,
1605 2747 1661 2789 11)

134 2804 229 2850 quod
253 2804 294 2839 F
427 2805 487 2840 iob
515 2807 607 2849 (non
630 2805 731 2849 hiob)
758 2806 860 2842 codd.
1000 2807 1306 2852 interpretaturus
1333 2806 1432 2847 (urus
1458 2814 1501 2840 ex
1525 2807 1581 2848 ur)
1614 2802 1666 2839 W

134 2866 189 2898 est
212 2874 236 2908 g
331 2865 387 2909 ut]
416 2866 453 2899 et
477 2863 548 2899 FL
621 2864 667 2899 22
693 2865 755 2912 qui
779 2865 856 2900 FD
949 2865 1055 2910 hanc]
1081 2874 1153 2908 seq.
1179 2874 1253 2901 ras.
1280 2863 1329 2898 M
1349 2863 1442 2899 hanc
1469 2864 1506 2899 et
1534 2863 1567 2898 Φ

168 2945 248 2972 mv.
269 2944 395 2973 Hieron.
417 2946 518 2981 Epist.
539 2946 564 2972 1.
1568 2933 1612 2968 32
