1884 3254
251 238 337 280 128
787 232 941 269 Sancti
966 230 1224 277 Hieronymi

250 365 420 408 culum
440 362 798 406 similitudinis
826 363 875 403 et
894 372 1075 403 corona
1094 357 1303 408 decori8‚
1328 357 1375 399 in
1403 355 1608 399 deliciis
1633 368 1770 413 para·

252 435 352 478 disi
384 434 461 476 dei
492 435 637 476 natus
671 445 733 475 es.
764 431 910 474 Esaias
937 427 1103 484 quoque
1130 428 1286 485 dexhoc
1311 427 1530 482 signaculo
1561 427 1769 481 loquitur:

247 507 366 548 tunc
396 502 658 546 manifesti
691 503 848 551 erunt,
882 501 966 554 qui
998 500 1278 554 signantur.
1311 498 1390 541 hoc
1424 497 1693 552 signaculum
1709 497 1768 548 -in

249 588 376 617 manu
404 574 538 625 datur,
565 572 727 627 quando
756 583 880 626 opera
904 570 1094 612 iustitiae
1121 568 1328 622 scriptura
1353 567 1579 622 significat,
1609 570 1659 611 ut
1687 568 1766 612 ibi:

254 646 443 687 factum
477 646 553 686 est
584 643 788 684 uerbum
820 640 1006 683 domini
1035 639 1085 681 in
1117 651 1262 681 manu
1285 638 1446 694 Aggei
1469 638 1766 694 prophetam
1806 651 1851 682 υτ

259 717 302 756 et
326 714 378 756 ad
402 714 689 756 Hierusalem:
716 714 890 754 ornaui
914 713 978 762 te,
1003 709 1153 763 inquit,
1181 711 1468 752 ornamento
1496 711 1544 751 et
1567 708 1770 763 inposui

251 785 348 827 tibi
380 784 603 826 armillas
637 783 770 825 circa
805 794 977 824 manus
1015 783 1144 824 tuas.
1182 792 1358 822 rursum
1397 779 1449 822 ad
1486 791 1583 822 eum
1617 779 1770 830 uirum.

256 855 328 909 qui
364 854 538 896 indutus
577 855 641 895 est
677 852 843 906 podere,
882 851 992 894 alius
1028 851 1149 893 locus
1194 850 1402 906 signaculi
1443 849 1771 892 demonstratur:

246 924 501 978 pertransi
532 923 741 965 mediam
768 921 1084 964 Hierusalem
1117 922 1164 963 et
1197 920 1255 962 da
1290 920 1488 976 signum
1518 920 1567 962 in
1597 919 1771 963 fronti-

251 995 345 1037 bus
393 995 612 1036 uirorum
666 992 972 1048 gementium
1022 994 1069 1035 et
1119 991 1395 1034 dolentium
1443 992 1492 1034 in
1543 991 1770 1036 omnibus
1795 1003 1851 1033 10.

252 1064 629 1118 iniquitatibus,
675 1075 797 1116 quae
840 1062 973 1104 fiunt
1014 1062 1062 1104 in
1106 1061 1266 1104 medio
1310 1074 1491 1103 eorum.
1529 1064 1686 1115 quare?
1723 1063 1772 1105 ut

255 1136 405 1188 postea
448 1133 613 1187 possint
656 1133 810 1175 dicere:
855 1133 1107 1187 signatum
1151 1134 1227 1174 est
1272 1144 1421 1185 super
1468 1144 1556 1174 nos
1605 1132 1771 1176 lumen

249 1205 426 1246 uultus
459 1204 547 1254 tui,
582 1203 786 1247 domine.

306 1275 373 1316 25,
405 1275 465 1316 Et
497 1274 828 1316 calciamenta
857 1273 905 1315 in
931 1272 1145 1328 pedibus
1172 1273 1296 1314 eius.
1325 1272 1470 1326 sponsi
1496 1272 1651 1327 quippe
1677 1286 1771 1328 per·

248 1345 412 1387 diderat
450 1344 713 1398 dignitatem.
746 1343 872 1385 nudis
902 1343 1084 1397 pedibus
1116 1342 1275 1397 pascha
1306 1343 1515 1384 celebrare
1546 1355 1628 1384 non
1657 1345 1772 1397 pote·
1797 1355 1834 1387 1⁵

244 1417 323 1460 rat.
344 1415 448 1456 haec
474 1416 573 1456 sunt
592 1414 879 1466 calciamenta,
901 1414 951 1456 de
972 1413 1126 1467 quibus
1147 1413 1350 1455 dominus
1372 1413 1450 1456 ait:
1478 1415 1526 1455 et
1551 1414 1770 1457 calceaui

244 1487 294 1526 te
327 1485 666 1538 hyacinthum.
693 1487 740 1526 et
772 1484 1099 1526 calciamenta
1132 1483 1185 1525 in
1218 1478 1433 1537 pedibus
1466 1483 1589 1535 eius,
1614 1481 1771 1526 necubi

246 1555 418 1597 coluber
446 1555 653 1597 insidians
684 1555 872 1608 plantam
905 1554 1137 1609 gradientis
1175 1554 1408 1606 inuaderet,
1434 1556 1485 1596 ut
1514 1567 1640 1608 super
1663 1567 1772 1598 scor-

244 1626 391 1679 piones
429 1627 472 1667 et
509 1627 724 1679 serpentes
765 1624 955 1667 securius
995 1625 1245 1676 ambularet,
1287 1627 1335 1666 ut
1375 1627 1690 1680 praepararetur
1718 1625 1772 1668 ad

245 1695 513 1750 euangelium
549 1695 666 1749 pacis
705 1695 787 1736 iam
825 1707 904 1737 non
943 1694 1184 1749 ingrediens
1217 1694 1449 1736 secundum
1481 1707 1663 1746 carnem,
1697 1694 1771 1737 sed
1793 1709 1834 1738 so

245 1765 478 1808 secundum
522 1765 731 1819 spiritum,
777 1767 820 1807 et
863 1765 1023 1807 dictum
1075 1765 1113 1806 ei
1161 1765 1456 1819 propheticum
1509 1765 1769 1808 conueniret:
1819 1824 1822 1827 ι

362 1903 385 1938 3
411 1902 530 1937 *Εεειὶ
556 1904 589 1947 8,
617 1903 660 1938 16
711 1903 732 1937 5
758 1902 851 1948 Agg.
882 1904 912 1947 1,
939 1903 958 1938 1
989 1904 1026 1938 et
1051 1903 1083 1947 2,
1105 1903 1126 1937 2
1176 1903 1196 1937 6
1218 1903 1364 1952 ζ’ἙΖεοὴ.
1395 1904 1450 1947 16,
1478 1904 1520 1938 11
1572 1905 1593 1939 9
1621 1902 1770 1941 *Ezech.

243 1961 278 2002 9,
302 1961 325 1995 4
376 1962 419 1996 12
445 1961 501 1996 Ps.
528 1962 562 2005 4,
590 1962 609 1996 7
663 1962 706 1996 14
733 1961 839 1996 *Luc.
869 1962 923 2006 15,
949 1961 995 1996 22
1053 1962 1096 1995 16
1123 1961 1273 1995 *Ezech¹
1304 1962 1358 2003 16,
1389 1962 1431 1997 10
1506 1962 1613 1998 *Luc.
1642 1963 1697 2007 15,
1723 1963 1768 1997 22

245 2019 289 2054 18
316 2019 359 2054 cf.
388 2019 476 2055 Gen.
503 2020 535 2061 3,
566 2021 608 2055 15
683 2018 727 2055 cf.
753 2020 838 2055 Luc.
862 2021 917 2064 10,
940 2020 983 2055 19
1035 2020 1078 2055 19
1099 2019 1142 2056 ef.
1163 2019 1257 2065 Eph.
1277 2021 1310 2064 6,
1330 2020 1374 2054 15
1425 2021 1471 2057 20
1498 2021 1541 2056 cf.
1563 2021 1642 2057 Gal.
1668 2022 1703 2066 5,
1724 2022 1767 2057 16

292 2102 310 2136 1
339 2113 466 2148 corone
492 2102 557 2136 ΣΒ
629 2102 651 2136 2
677 2102 753 2136 eius
781 2106 866 2138 ante
892 2102 949 2137 dei
975 2102 1062 2137 add.
1089 2103 1191 2143 Zm2,
1216 2102 1282 2137 sed
1301 2107 1434 2147 postea
1459 2114 1550 2138 eras.
1650 2105 1705 2138 est
1727 2103 1771 2139 D

242 2161 264 2195 3
290 2161 480 2196 manifeste
513 2160 564 2194 W
665 2163 686 2196 5
713 2161 793 2206 agei
819 2162 981 2196 Za.c.m2
1006 2162 1135 2207 aggaei
1161 2161 1201 2196 D
1233 2174 1238 2180 ·
1328 2162 1350 2196 6
1369 2173 1430 2206 pr.
1458 2162 1506 2208 et]
1531 2173 1560 2197 s.
1587 2162 1610 2197 l.
1635 2164 1698 2197 m2
1721 2161 1772 2206 B,
1843 2177 1846 2179 ·

242 2230 312 2255 om.
350 2220 417 2254 ΣΙ)
454 2219 607 2254 dicentis
643 2231 667 2264 g
815 2220 927 2264 Hier.]
966 2220 1157 2254 israhelem
1194 2221 1227 2254 Σ
1360 2221 1381 2255 7
1420 2220 1564 2255 armilas
1606 2220 1770 2263 Qa.c.m2

241 2289 363 2313 rursus
387 2279 423 2312 Β
497 2280 612 2312 uirum
638 2289 705 2314 om.
731 2278 836 2314 ΣΒΒ
908 2279 930 2313 8
956 2277 1088 2323 podere
1114 2280 1149 2322 (o
1175 2279 1217 2313 in
1240 2289 1314 2315 ras.
1341 2281 1367 2314 2
1393 2279 1477 2322 litt)
1503 2279 1536 2314 Σ
1555 2279 1712 2324 phodere
1729 2279 1771 2315 D

242 2337 315 2372 loci
339 2337 408 2371 ΣΙ)
539 2338 723 2381 signaculo
751 2338 784 2371 Σ
923 2338 944 2372 9
970 2338 1085 2372 transi
1111 2338 1206 2382 me
1340 2349 1403 2383 per
1426 2337 1582 2372 mediam
1607 2338 1774 2383 Epa-7122
1848 2380 1857 2383 ἢ

242 2407 306 2442 per
329 2395 485 2431 medium
518 2396 548 2437 Q
643 2397 869 2441 signaculum
896 2396 999 2431 ZDB
1074 2397 1115 2431 13
1144 2396 1280 2431 domini
1305 2397 1344 2431 D
1424 2397 1469 2432 14
1495 2397 1766 2432 calciamentum

241 2454 310 2489 ΣΒ
454 2454 599 2500 quippe]
627 2454 772 2499 quidem
797 2455 833 2488 B
968 2456 1010 2489 15
1038 2457 1075 2490 et
1099 2454 1205 2489 nudis
1230 2456 1436 2500 Bp.c.m2‚g
1577 2467 1686 2500 pasca
1710 2455 1779 2491 ΔΣ
1840 2460 1847 2500 ’,

244 2513 288 2548 17
322 2512 543 2547 iachinctum
581 2512 776 2556 (iachincto
808 2515 882 2555 2722)
918 2514 958 2547 X
987 2514 1123 2548 iacinto
1156 2514 1336 2558 (iacyncto
1368 2516 1444 2558 m2)
1475 2515 1509 2549 Σ
1538 2513 1698 2549 iacintho
1727 2513 1769 2549 D

239 2571 372 2606 necubi
403 2571 533 2615 scripsi
563 2582 628 2606 nec
653 2574 686 2615 (c
711 2582 804 2608 eras,
831 2572 876 2617 Σ)
902 2572 964 2606 ubi
991 2572 1179 2613 AEWXQ
1203 2583 1247 2607 ne
1274 2574 1355 2617 (nec
1379 2575 1455 2617 m2)
1480 2573 1543 2607 ubi
1567 2574 1605 2616 (u
1627 2573 1668 2609 in
1691 2583 1768 2608 ras.

239 2631 318 2673 m2)
342 2629 380 2664 B
404 2640 449 2676 ne
474 2629 537 2664 ubi
561 2629 601 2663 D
684 2630 726 2664 18
754 2630 960 2674 gradientes
987 2632 1093 2673 (corr.
1119 2630 1320 2676 gradientis
1344 2635 1401 2667 ml
1427 2631 1666 2676 ingredientis
1689 2631 1766 2672 m2)

239 2688 283 2722 X
305 2687 542 2733 ingredientis
568 2688 673 2723 ZDB
781 2691 821 2723 ut
845 2690 872 2723 Δ
899 2689 961 2724 sed
987 2690 1022 2723 B
1049 2692 1085 2724 et
1111 2694 1173 2725 cet.
1281 2692 1318 2725 et
1343 2690 1608 2736 super-amb]
1633 2690 1676 2725 in
1697 2701 1766 2735 my·

238 2748 311 2792 ins.
336 2749 399 2782 m2
423 2748 456 2782 Σ
526 2748 568 2783 19
595 2749 753 2782 securior
777 2747 812 2781 B
908 2752 1140 2793 praeparetur
1166 2748 1320 2783 ZWDB
1393 2749 1439 2784 20
1464 2748 1651 2794 egrediens
1682 2747 1769 2784 WX

239 2805 408 2852 gradiens
431 2817 457 2850 ς

1827 2701 1856 3254 Qfflvmewxmsavww
1837 2653 1853 2679 -r
1840 2624 1849 2637 ,-
1854 2566 1856 2571 ,
