1884 3254
222 308 306 349 626
741 304 896 339 Sancti
920 303 1177 348 Hieronymi

221 434 334 487 quod
363 434 414 475 in
447 435 723 488 potestate
755 431 987 473 habebat
1028 443 1335 482 sermonem,
1372 432 1617 488 intellegere
1649 447 1743 490 pos·

221 517 384 554 sumne,
418 516 499 557 quo
526 515 652 545 sensu
679 502 839 544 dictum
866 501 939 544 sit:
971 501 1151 543 effusa
1181 504 1264 544 est
1295 502 1472 557 gratia
1495 503 1548 545 in
1574 504 1742 548 labiis

222 575 346 616 tuis.
378 574 469 616 Noe
500 573 662 615 inuenit
693 573 869 628 gratiam
901 585 1040 614 coram
1072 572 1150 614 deo
1180 572 1223 614 in
1256 572 1404 615 diebus
1437 573 1526 616 suis
1560 578 1603 616 et
1626 575 1743 630 Moy-

221 657 289 687 ses
334 647 376 686 et
410 643 561 696 reliqui
598 643 909 697 prophetarum,
954 642 1028 684 sed
1067 642 1201 685 omnis
1237 643 1397 699 gratiae
1433 645 1663 688 multitudo
1699 646 1742 688 in

220 715 344 756 labiis
382 714 605 756 saluatoris
643 713 774 755 effusa
811 715 890 764 est,
928 725 1034 766 quae
1071 713 1114 754 in
1146 713 1266 755 breui
1295 715 1484 767 tempore
1513 717 1651 757 totum
1682 716 1749 758 in·'
1786 727 1808 758 ι

221 785 357 839 pieuit
376 784 538 826 orbem:
564 786 830 837 tamquam
859 795 1090 836 sponsus
1116 795 1307 836 proces
1323 783 1398 826 sit
1421 784 1480 826 de
1506 785 1751 830 thalamo

222 868 337 905 suo3
362 868 385 896 a
411 867 611 897 summo
639 854 788 895 caelo
816 853 1062 909 egressio
1089 854 1207 896 eius
1228 856 1743 900 etoccursusillius

222 937 391 979 usque
424 924 483 965 ad
516 937 774 966 summum
807 924 937 965 eius.
970 936 1063 966 nam
1099 926 1141 966 et
1172 926 1317 966 sancta
1340 924 1487 971 Maria.
1520 926 1620 980 quia
1651 938 1744 969 con·

223 998 391 1050 ceperat
428 1008 539 1046 eum,
579 995 619 1036 in
659 1007 741 1048 quo
780 995 914 1037 omnis
947 994 1162 1048 plenitudo
1196 994 1432 1037 diuinitatis
1464 996 1628 1038 habitat
1657 1009 1745 1040 cor·

221 1066 432 1121 poraliter,
469 1067 592 1120 plena
629 1066 764 1121 gratia
800 1066 1010 1107 salutatur
1041 1067 1085 1107 et
1115 1066 1334 1120 apostolus
1366 1066 1503 1109 sciens
1534 1067 1744 1121 praedica·
1769 1080 1811 1109 ιο
1866 1091 1867 1094 =

224 1138 379 1179 tionem
420 1149 539 1179 suam
579 1150 659 1180 non
696 1137 737 1178 in
777 1136 1017 1191 eloquentia
1054 1137 1272 1190 saeculari,
1305 1137 1379 1179 sed
1409 1137 1451 1179 in
1487 1138 1647 1180 uirtute
1678 1138 1746 1182 dei

224 1219 367 1249 omnes
405 1207 551 1248 mundi
589 1219 809 1261 superasse
847 1206 1057 1249 doctrinas
1096 1206 1172 1249 ait:
1213 1209 1263 1249 et
1301 1220 1470 1250 sermo
1508 1221 1654 1251 meus
1695 1210 1747 1251 et

222 1277 565 1332 praedicatio
597 1290 707 1319 mea
738 1277 911 1320 nonin
938 1278 1410 1332 persuasibilibus
1437 1279 1745 1334 sapientiae

223 1349 422 1398 uerbis,
468 1348 561 1390 sed
603 1348 1009 1393 in'ostensione
1048 1349 1282 1403 spiritus
1321 1351 1373 1407 et
1407 1350 1658 1401 uirtutis,
1689 1353 1748 1392 ut

226 1421 299 1462 sit
335 1420 476 1462 fides
515 1422 701 1462 nostra
732 1423 828 1462 non
860 1420 911 1460 in
945 1419 1220 1473 sapientia
1251 1420 1532 1471 hominum,
1572 1421 1743 1463 sedin
1770 1435 1812 1464 1⁵

225 1491 434 1532 uirtute
472 1491 568 1532 dei.
606 1503 735 1544 seque
770 1490 912 1543 ipsum
948 1490 1270 1544 reprehendens,
1309 1491 1408 1544 quia
1439 1491 1612 1534 dixerat:
1653 1504 1747 1534 am-

224 1561 373 1616 plius
419 1564 596 1604 autem
643 1561 885 1603 omnibus
929 1561 1194 1612 laboraui‚
1246 1562 1390 1603 statim
1434 1562 1598 1604 intulit:
1648 1575 1746 1605 non

226 1635 403 1687 autem
442 1645 546 1686 ego,
588 1633 678 1674 sed
717 1632 892 1690 gratia
924 1631 1019 1685 dei,
1057 1645 1187 1685 quae
1218 1645 1421 1674 mecum
1453 1635 1548 1682 est,
1588 1635 1631 1675 et
1659 1646 1749 1675 rur·

227 1716 338 1746 sum:
372 1703 496 1756 quia
521 1703 702 1758 gratia
728 1702 855 1752 eius,
890 1703 1052 1755 quiin
1077 1715 1153 1744 me
1181 1707 1277 1753 est,
1307 1715 1405 1744 non
1432 1704 1542 1745 fuit
1565 1715 1746 1745 uacua.

224 1773 392 1827 proprie
429 1775 569 1815 autem
606 1773 649 1814 in
689 1774 900 1815 saluatore
936 1773 1112 1815 uerbum
1151 1773 1368 1816 effusionis
1406 1774 1664 1828 adiungitur,
1699 1776 1814 1816 uteo
1864 1823 1867 1829 ¹

226 1843 435 1898 significet
466 1844 625 1898 gratiae
657 1843 911 1898 largitatem,
951 1843 1182 1886 secundum
1213 1844 1341 1886 illud:
1381 1844 1655 1886 effundam
1688 1844 1748 1887 de

228 1915 430 1968 spiritu
472 1927 582 1956 meo
623 1927 785 1968 super
821 1911 1019 1957 omnem
1060 1927 1266 1957 carnem
1312 1918 1373 1957 et:
1420 1915 1620 1958 caritas
1665 1915 1749 1958 dei

168 1989 183 2017 ἴ
229 1985 407 2027 effusa
450 1988 532 2027 est
574 1985 624 2026 in
663 1985 920 2036 cordibus
958 1986 1179 2028 nostris.
1224 1989 1267 2028 et
1302 1988 1416 2038 nota,
1459 1989 1508 2028 ut
1545 1986 1748 2037 omnium,

228 2068 333 2110 quae
372 2056 578 2109 dicuntur,
621 2056 955 2111 intellegentiam
995 2056 1046 2098 ad
1082 2069 1302 2111 personam
1342 2057 1434 2099 eius
1470 2057 1639 2108 referas,
1677 2057 1749 2111 qui

228 2125 479 2180 adsumptus
518 2139 565 2168 ex
596 2127 730 2169 Maria
769 2129 847 2179 est,
893 2127 1004 2181 quod
1042 2130 1213 2182 propter
1249 2128 1427 2183 gratiam
1464 2127 1672 2170 labiorum
1705 2128 1747 2169 in
1773 2138 1814 2167 2⁶
1857 2118 1864 2126 ’

346 2277 363 2310 1
394 2276 500 2311 *Lu0.
528 2278 561 2321 4,
588 2277 633 2311 32
745 2278 767 2312 2
795 2277 875 2314 *Ps.
901 2270 966 2313 444
984 2278 1006 2312 3
1116 2279 1137 2313 e
1163 2277 1244 2312 *Ps.
1272 2278 1328 2317 18,
1355 2279 1376 2313 6
1493 2279 1512 2312 7
1538 2278 1619 2315 *Ps.
1646 2278 1702 2319 18,
1728 2261 1773 2312 γ’

226 2336 248 2371 9
274 2335 319 2371 cf.
347 2335 422 2371 Col.
450 2336 483 2380 2,
510 2337 530 2370 9
606 2336 650 2370 10
676 2336 719 2371 cf.
746 2336 831 2371 Luc.
862 2339 890 2380 1,
916 2336 963 2371 28
1062 2337 1105 2372 12
1131 2336 1170 2371 *Ι
1195 2336 1274 2372 Cor.
1302 2337 1335 2379 2,
1362 2337 1458 2372 4-5
1533 2337 1575 2372 16
1602 2335 1642 2371 *Ι
1668 2336 1748 2374 Cor.

229 2395 284 2438 15,
313 2394 355 2429 10
431 2395 473 2428 19
502 2394 541 2429 *1
567 2394 646 2430 cor.
677 2395 730 2436 15,
759 2395 802 2431 10
875 2396 917 2430 21
947 2395 1046 2430 *1021
1070 2396 1102 2436 2,
1129 2396 1175 2431 28
1250 2396 1295 2430 22
1322 2395 1446 2430 *Rom
1472 2396 1506 2441 5,
1533 2396 1554 2430 5

277 2477 293 2511 1
325 2478 506 2521 potestate
533 2476 567 2511 L
651 2477 803 2513 habebit
826 2478 866 2512 X
925 2479 946 2512 2
973 2481 1029 2513 est
1052 2488 1080 2513 ε.
1108 2479 1130 2513 l.
1163 2477 1214 2513 W
1279 2479 1300 2513 3
1327 2478 1472 2513 domino
1495 2489 1520 2522 ς
1583 2478 1606 2512 4
1631 2477 1751 2522 gratia

228 2537 266 2570 et
295 2535 346 2570 W
437 2536 458 2571 6
485 2536 605 2571 orbem
633 2537 770 2583 etipse
794 2549 819 2581 ς
936 2537 1071 2572 talarno
1104 2537 1185 2572 WB
1281 2538 1303 2572 8
1330 2537 1428 2583 quia]
1456 2548 1525 2582 que
1550 2536 1586 2571 Β
1612 2536 1673 2581 qui
1702 2535 1757 2571 W

229 2596 270 2630 11
300 2595 444 2640 eloquia
468 2596 504 2630 Β
625 2596 668 2630 12
695 2607 880 2641 separasse
911 2596 963 2631 W
1091 2596 1263 2631 doctrinis
1292 2596 1344 2632 W
1468 2607 1524 2640 pr.
1551 2600 1587 2631 et
1611 2606 1679 2631 om.
1703 2595 1755 2630 M

230 2655 272 2689 13
293 2665 370 2688 mea
392 2665 459 2690 om.
473 2655 520 2689 M
590 2656 765 2700 persuasu]
789 2656 874 2690 add.
894 2655 1070 2690 humanae
1089 2658 1167 2697 (-ne
1185 2655 1235 2699 Β)
1254 2655 1290 2690 Β
1308 2666 1335 2691 8.
1357 2655 1381 2690 1.
1399 2657 1462 2690 m2
1479 2666 1503 2699 g
1554 2655 1595 2689 16
1614 2654 1748 2699 ipsum]

229 2725 306 2748 eum
334 2713 385 2749 W
453 2714 538 2758 quia
562 2726 605 2749 ex
630 2715 692 2760 qui
717 2715 817 2749 meB
868 2716 908 2749 17
935 2715 1076 2750 intullit
1100 2713 1254 2749 WXa.c.
1305 2715 1351 2750 20
1377 2714 1592 2749 saluatorem
1617 2712 1755 2748 WXM

228 2773 271 2806 21
301 2773 418 2817 gratia
448 2773 499 2807 W
542 2773 587 2808 23
615 2773 920 2819 diff(eras.)effusa
951 2773 1003 2808 W
1025 2773 1155 2808 diffusa
1179 2773 1251 2808 LB
1323 2774 1378 2819 ut]
1408 2772 1503 2818 quod
1527 2783 1552 2817 g
1598 2773 1644 2807 24
1669 2771 1748 2806 uin-

230 2834 357 2866 cuntur
381 2832 425 2866 M
547 2832 622 2867 eius
649 2843 717 2867 om.
749 2832 797 2867 W
912 2832 1058 2867 refferas
1085 2832 1126 2867 X
1147 2832 1281 2867 referat
1303 2844 1328 2877 ς
1423 2832 1468 2867 25
1495 2832 1682 2867 adsumtae
1707 2841 1753 2866 εει·

230 2890 430 2925 adsumitur
454 2891 565 2925 m2M
660 2891 777 2935 gratia
802 2891 953 2926 aliorum
985 2891 1036 2926 W
