1884 3254
37 1014 72 1042 10

657 236 871 282 Epistula
896 237 927 271 V
952 237 1046 272 2—3
1560 242 1615 283 23

92 365 233 408 ficium
264 379 338 421 pro
371 379 433 417 eo,
466 365 577 420 quod
609 366 793 420 postulo,
824 366 1036 421 polliceor.
1066 366 1323 410 Heliodorus
1354 368 1482 410 frater
1512 368 1616 410 mihi

91 436 298 479 indicauit
328 439 368 478 te
401 437 536 479 multa
561 437 611 479 de
638 436 860 491 scripturis
888 449 1084 491 quaerere
1116 450 1191 480 nec
1224 437 1285 479 sic
1310 437 1517 487 inuenire:
1546 443 1620 480 aut

95 507 130 549 si
162 507 301 549 omnia
331 507 474 557 habes,
495 507 680 563 >incipiet
711 506 792 549 sibi
824 507 975 549 caritas
1007 507 1222 550 uindicare
1253 508 1349 562 plus
1381 510 1535 563 petere.

153 578 190 618 3.
222 577 476 633 Magistrum
509 580 648 620 autem
681 578 799 632 pueri
831 577 909 629 tui,
943 578 994 620 de
1032 591 1113 632 quo
1155 578 1352 634 dignatus
1391 591 1436 621 es
1473 578 1619 621 rescri—

92 648 203 699 bere,
231 660 356 702 quem
381 648 658 703 plagiatorem
691 661 786 691 esse
818 649 909 691 eius
941 662 1021 692 non
1055 649 1230 692 dubium
1259 652 1337 699 est,
1366 662 1489 704 saepe
1515 649 1620 692 Eua-

95 719 210 774 grius
249 719 480 774 presbyter,
513 719 613 761 dum
651 719 785 762 adhuc
822 719 1070 762 Antiochiae
1109 733 1260 773 essem,
1299 734 1365 762 me
1405 722 1620 775 praesente

95 789 310 843 corripuit.
345 790 412 832 cui
450 790 522 832 ille
561 791 797 845 respondit:
829 792 923 846 ‘ego
955 790 1062 833 nihil
1093 791 1250 834 timeo’.
1285 791 1388 834 dicit
1420 804 1464 834 se
1496 804 1520 834 a
1551 790 1620 834 do-

93 862 207 903 mino
245 873 322 903 suo
360 860 493 903 fuisse
531 861 754 903 dimissum
793 863 848 913 et,
881 862 918 904 si
955 861 1078 904 uobis
1115 862 1268 916 placet,
1301 874 1398 904 ecce
1435 861 1504 904 hic
1536 863 1620 911 est;

93 932 368 974 transmittite
394 945 504 982 eum,
532 945 614 986 quo
641 932 786 974 uultis.
813 931 991 974 arbitror
1014 945 1081 974 me
1107 944 1187 974 non
1214 944 1401 986 peccare,
1429 932 1463 974 si
1490 931 1623 974 homi-

97 1013 189 1043 nem
222 1013 378 1056 uagum
410 1014 490 1043 non
524 1001 658 1044 sinam
683 1001 852 1056 longius
879 1001 1030 1056 fugire.
1065 1004 1320 1056 quapropter
1351 1001 1451 1055 quia
1476 1014 1554 1057 ego
1581 1001 1623 1043 in

96 1072 173 1114 hac
212 1071 439 1114 solitudine
477 1072 735 1114 constitutus
774 1084 854 1114 non
899 1084 1074 1126 possum
1119 1084 1242 1128 agere
1287 1071 1400 1126 quod
1443 1071 1623 1122 iussisti,

97 1142 243 1198 rogaui
269 1141 535 1184 carissimum
560 1141 665 1184 mihi
689 1141 933 1198 Euagrfflm,
960 1143 1010 1184 ut
1033 1144 1121 1184 tam
1146 1142 1210 1184 tui
1237 1154 1363 1196 quam
1390 1143 1472 1184 mei
1499 1154 1626 1184 causa

97 1214 302 1255 instanter
332 1212 551 1267 negotium
585 1217 877 1267 prosequatur.

147 1352 163 1386 1
191 1349 276 1397 poll.
303 1362 412 1397 posco
439 1352 475 1386 Β
582 1350 656 1386 ind.
682 1351 792 1386 michi
816 1351 852 1386 Β
948 1352 969 1385 2
995 1351 1119 1386 multis
1144 1350 1194 1385 M
1214 1351 1320 1396 (corr.
1345 1353 1421 1395 ²⁷22)
1518 1361 1563 1385 ne
1589 1351 1628 1385 D

99 1410 150 1445 sic
176 1421 243 1445 om.
270 1410 306 1444 B
414 1410 466 1445 ait
490 1410 603 1455 Mp.c.
713 1411 734 1445 3
759 1410 913 1455 incipiat
936 1412 962 1455 ζ
983 1410 1114 1456 incipit
1137 1421 1161 1454 g
1275 1409 1358 1455 sibi]
1385 1409 1473 1445 add.
1499 1409 1580 1455 plus
1604 1421 1629 1454 g

99 1469 121 1503 4
148 1480 184 1503 es
210 1480 278 1504 om.
304 1469 338 1503 L
434 1469 591 1504 rescribe
618 1470 714 1504 Zac.
741 1469 899 1505 scribere
929 1468 994 1504 OB
1097 1470 1119 1503 5
1147 1479 1224 1504 esse
1251 1469 1302 1504 eis
1331 1469 1362 1504 0
1386 1469 1462 1503 eius
1490 1479 1568 1503 esse
1593 1467 1629 1502 B

99 1532 155 1563 ses
182 1539 302 1574 euagr.
327 1529 363 1563 Β
461 1529 482 1563 6
509 1539 587 1563 esse
616 1528 647 1563 G
765 1530 991 1574 praesentem
1015 1527 1105 1563 ΒΜ
1126 1530 1175 1572 (m
1200 1528 1307 1573 emp),
1337 1527 1368 1562 Ο
1450 1529 1471 1562 8
1497 1526 1624 1572 fuisse]

101 1598 177 1622 esse
203 1587 239 1621 Β
335 1588 356 1622 9
382 1588 591 1622 transmitto
617 1587 666 1622 M
688 1589 723 1631 (ο
750 1598 794 1623 ex
820 1599 838 1622 e
863 1588 952 1631 m2),
983 1587 1013 1622 G
1131 1598 1211 1622 enm
1238 1597 1306 1621 om.
1331 1598 1356 1631 g
1476 1585 1630 1620 arbitror

100 1645 238 1683 LJJBB
264 1647 299 1681 in
325 1647 391 1682 hoc
418 1646 491 1682 arb.
518 1651 580 1683 cet.
692 1646 736 1683 10
761 1647 879 1692 fugire
903 1645 1087 1688 Llffiaae.
1114 1647 1239 1692 sugere
1265 1650 1328 1682 cet.
1449 1656 1555 1691 quam
1581 1647 1628 1687 (m

101 1706 211 1752 eras.)
236 1708 380 1751 praeter
404 1705 439 1740 L
514 1706 554 1740 11
583 1706 674 1740 hanc
699 1706 734 1740 L
821 1706 863 1741 12
889 1705 993 1750 mibi]
1019 1716 1137 1740 meum
1164 1704 1199 1743 θ
1281 1706 1324 1741 13
1350 1705 1508 1750 proseq.]
1543 1703 1628 1739 add.

101 1765 187 1800 obto
219 1767 256 1800 te
288 1766 409 1800 ualere
434 1765 471 1800 in
498 1764 643 1800 domino
668 1765 705 1799 Β
731 1765 834 1811 cupio
861 1766 898 1799 te
924 1765 1044 1799 ualere
1069 1764 1107 1799 in
1132 1768 1199 1810 xpo
1224 1775 1248 1809 g
1363 1765 1457 1809 epits
1482 1763 1560 1798 hier
1584 1761 1630 1797 ad

101 1825 329 1859 florentinum
356 1823 400 1859 de
426 1826 506 1859 ortu
532 1823 713 1859 amicitiae
738 1823 788 1858 M
