1884 3254
518 215 729 261 Epistula
754 214 916 250 XVIIIB
945 215 961 250 1
990 215 1135 261 (17)-2
1162 215 1236 260 (18)
1582 220 1638 262 99

112 345 331 388 historiam
349 345 543 399 pertinet,
563 344 731 387 uidetur
756 344 860 386 deus
887 343 1031 386 sedere
1056 344 1097 386 in
1124 344 1281 398 templo
1310 344 1575 388 Hierusalem
1597 349 1640 387 et

113 418 210 458 ante
236 429 331 458 eum
359 415 409 457 de
434 415 558 463 altari
584 414 817 457 secundum
844 413 1124 470 Septuaginta
1149 414 1200 456 ad
1225 414 1394 458 Esaiam
1420 415 1543 458 carbo
1570 415 1634 457 de-

112 486 223 537 ferri,
245 486 295 528 de
321 485 442 528 altari
467 497 566 527 uero
591 484 752 528 incensi
777 484 868 527 siue
894 484 1251 528 holocaustorum.
1273 487 1474 539 quantum
1496 487 1635 527 autem

112 557 164 599 ad
189 557 391 612 mysticos
422 556 678 607 intellectus,
704 555 776 598 ille
803 555 863 597 eis
889 555 1000 610 ignis
1027 555 1224 608 mittitur,
1250 569 1376 611 quem
1401 557 1636 599 Hieremias

112 628 218 670 ferre
254 640 335 670 non
372 628 550 680 poterat,
583 627 667 681 qui,
702 638 798 669 cum
832 626 992 669 animae
1024 629 1191 670 nostrae
1218 639 1367 670 arcana
1395 628 1636 681 penetrarit,

23 740 34 745 ..
111 699 171 740 ita
207 711 283 741 nos
321 698 531 747 dissoluit,
564 698 626 739 ita
662 710 687 739 a
717 697 852 740 ueteri
884 697 1052 740 homine
1083 698 1126 740 in
1158 711 1316 740 nouum
1349 698 1557 752 excoquit,
1589 700 1637 741 ut

18 774 33 790 ³
110 769 151 810 in
182 769 299 810 illam
331 781 480 811 uocem
514 769 728 822 possimus
762 781 998 823 erumpere:
1031 769 1159 811 uiuo
1199 771 1373 810 autem
1413 769 1509 810 iam
1541 781 1635 811 non

112 852 222 894 ego,
256 839 348 881 sed
392 839 571 894 gratia
610 839 704 892 dei,
744 852 876 893 quae
913 839 963 881 in
1002 852 1079 881 me
1118 842 1213 881 est.
1251 839 1430 894 forcipes
1469 851 1635 893 quoque
1671 843 1693 878 3

110 910 341 953 secundum
372 910 621 965 interpretes
653 898 831 962 ceteros,
856 910 958 952 licet
988 910 1029 952 in
1063 910 1312 953 sacerdotali
1343 922 1508 965 semper
1539 922 1636 964 sup-

109 981 319 1034 pellectile
356 981 524 1030 fuerint,
564 981 753 1024 diuersas
791 981 948 1036 gratias
992 980 1195 1023 debemus
1239 981 1440 1035 accipere,
1479 980 1634 1034 quibus

108 1052 335 1094 multifarie
362 1055 404 1094 et
435 1051 581 1094 multis
614 1051 751 1094 modis
784 1051 884 1094 olim
918 1051 1021 1094 deus
1052 1051 1244 1105 patribus
1276 1051 1432 1094 nostris
1463 1052 1633 1093 locutus

27 1121 33 1131 '
108 1125 173 1165 est
192 1123 233 1164 in
254 1122 484 1176 prophetis.
514 1122 612 1176 quia
630 1122 671 1164 in
691 1122 883 1165 Hebraeo
904 1135 978 1177 pro
1004 1123 1210 1165 ‘carbone'
1235 1122 1454 1165 ‘calculus’
1477 1121 1635 1176 legitur

106 1193 258 1236 ceteris
295 1206 463 1247 quoque
502 1206 629 1246 super
666 1193 746 1235 hoc
778 1194 1119 1245 consonantibus,
1151 1194 1323 1236 uidetur
1359 1193 1463 1235 mibi
1494 1206 1632 1236 sermo

106 1264 276 1307 diuinus
309 1264 460 1307 calculi
491 1264 770 1319 appellatione
803 1265 973 1319 signari.
1007 1265 1120 1307 sicut
1145 1265 1258 1306 enim
1284 1264 1471 1307 calculus
1498 1276 1632 1319 genus

107 1337 172 1377 est
195 1335 347 1390 lapidis
375 1335 590 1379 durissimi
617 1338 660 1378 et
683 1336 855 1378 rotundi
881 1338 923 1378 et
955 1336 1068 1378 omni
1099 1337 1283 1390 puritate
1315 1335 1540 1387 leuissimi,
1571 1335 1632 1377 ita

106 1419 242 1449 sermo
270 1407 348 1459 dei,
368 1407 440 1460 qui
464 1419 598 1460 neque
622 1407 904 1449 hereticorum
925 1419 1060 1460 neque
1087 1407 1274 1449 omnium
1294 1406 1630 1449 aduersariorum

106 1479 247 1531 potest
284 1477 686 1520 contradictionibus
726 1477 886 1529 cedere,
921 1477 1110 1520 calculus
1150 1478 1317 1521 dicitur.
1351 1478 1401 1520 de
1438 1478 1518 1520 hoc
1549 1476 1631 1518 cal·
1667 1481 1690 1516 4

106 1549 201 1590 culo
241 1547 427 1602 Sephora
463 1549 600 1591 filium
651 1548 917 1591 circumcidit
967 1551 1008 1591 et
1055 1549 1176 1591 Iesus
1226 1548 1432 1603 populum
1478 1549 1633 1602 purgat

106 1632 130 1661 a
169 1619 303 1669 uitiis;
343 1622 385 1662 et
421 1619 462 1661 in
495 1619 753 1674 Apocalypsi
790 1619 984 1662 dominus
1017 1619 1242 1673 pollicetur
1271 1618 1553 1670 uincentibus,
1586 1619 1635 1660 ut

106 1690 315 1744 accipiant
341 1690 548 1732 calculum
577 1692 619 1732 et
644 1689 853 1734 scribatur
877 1702 1004 1744 super
1029 1702 1126 1732 eum
1151 1701 1303 1733 nomen
1329 1702 1499 1731 nouum.
1517 1688 1634 1731 uide·

103 1764 174 1803 tur
204 1763 345 1803 autem
376 1761 481 1802 mihi
513 1762 556 1803 et
581 1760 858 1815 Septuaginta
889 1760 931 1802 in
965 1773 1027 1811 eo,
1062 1760 1175 1815 quod
1204 1757 1386 1816 ἄνθρακα
1406 1760 1640 1802 transtule-‘

103 1834 214 1884 runt,
251 1832 362 1874 idem
402 1832 601 1883 sensisse,
641 1831 753 1885 quod
792 1831 938 1882 ceteri3
979 1829 1135 1887 ἄνθραξ
1179 1831 1348 1885 quippe,
1387 1843 1512 1885 quem
1556 1843 1630 1873 nos

104 1903 406 1945 carbunculum
426 1903 764 1958 interpretamur,
785 1915 918 1958 genus
937 1903 1090 1957 lapidis
1110 1902 1263 1958 fulgidi
1284 1904 1410 1956 atque
1435 1901 1631 1953 lucentis,

0 1978 10 1995 3
128 1992 130 1995 ,

0 1998 29 2063 ..ἐκ
221 2031 244 2064 4
270 2029 314 2065 cf.
339 2030 439 2064 Hier.
459 2030 516 2072 20,
537 2030 558 2064 9
609 2030 629 2064 6
648 2029 692 2064 cf.
714 2028 790 2065 Col.
811 2030 843 2074 3,
865 2029 982 2065 9—10
1033 2029 1052 2063 7
1075 2028 1153 2065 Gal.
1174 2030 1206 2071 2,
1227 2029 1273 2064 20
1294 2032 1330 2063 et
1351 2028 1391 2063 *Ι
1408 2029 1487 2065 Cor.
1510 2028 1564 2073 15,
1587 2028 1629 2063 10

0 2087 10 2106 ²
105 2091 144 2125 11
175 2090 220 2125 cf.
246 2089 355 2125 Hebr.
384 2091 415 2134 1,
443 2091 460 2124 1
515 2091 557 2124 17
585 2089 629 2124 cf.
648 2089 711 2124 Ex.
737 2090 771 2134 4,
792 2089 837 2124 25
889 2089 933 2124 18
953 2088 997 2124 cf.
1018 2089 1098 2124 Ioh.
1119 2089 1175 2133 15,
1196 2089 1217 2123 3
1269 2088 1311 2123 19
1333 2087 1376 2123 cf.
1397 2087 1510 2134 Apoc.
1530 2088 1563 2132 2,
1586 2089 1628 2123 17

153 2172 169 2206 1
198 2171 309 2216 Hier.]
337 2170 527 2206 israhelem
553 2171 586 2205 L
684 2172 705 2206 2
733 2170 923 2205 carbonem
950 2171 1069 2214 (corr.)
1094 2170 1131 2204 B
1227 2170 1248 2205 3
1275 2169 1387 2205 altare
1412 2169 1452 2204 F
1545 2180 1629 2204 uero

0 2215 10 2239 '
100 2240 131 2267 s.
157 2230 179 2265 l.
205 2232 268 2265 m2
292 2230 328 2264 Β
424 2230 447 2264 4
474 2230 537 2275 eis]
565 2240 612 2264 sc.
638 2229 801 2274 mysticis
825 2228 1068 2265 intellectibus
1095 2229 1210 2274 (abl.),
1236 2229 1269 2264 ei
1293 2229 1424 2273 Bp.r.g
1508 2228 1529 2262 5
1555 2229 1627 2274 qui]

0 2253 11 2344 ι
102 2290 188 2335 quin
214 2289 249 2324 L
346 2300 476 2324 arcana
502 2289 536 2323 L
561 2289 717 2324 archana
743 2293 804 2324 cet.
902 2290 1112 2334 penetraret
1135 2287 1176 2323 F
1197 2289 1404 2334 penetrarat
1429 2282 1462 2323 Σ
1530 2288 1551 2323 6
1575 2288 1629 2323 ita

0 2346 15 2367 ²
101 2350 137 2394 a]
164 2350 218 2383 ita
242 2349 447 2393 D‚Z(corr.)
474 2350 511 2382 et
535 2348 588 2383 ita.
612 2348 648 2382 B
752 2351 911 2383 ueterem
937 2348 1119 2383 hominem
1144 2348 1181 2383 Β
1289 2349 1463 2393 excoquet
1486 2347 1627 2392 F,Zp.c.

0 2370 18 2499 t
102 2407 298 2452 exquoquit
321 2407 393 2442 LB
442 2407 464 2442 8
490 2417 582 2452 quae
607 2417 650 2442 ex
675 2407 737 2452 qui
764 2407 796 2442 Σ
839 2407 860 2442 9
885 2407 974 2442 licet
999 2407 1060 2452 qui
1085 2406 1120 2441 Β
1172 2407 1212 2442 11
1239 2406 1307 2442 loc.
1334 2408 1390 2442 est
1414 2408 1507 2452 patr.
1531 2417 1566 2442 n.
1591 2406 1628 2440 Β

103 2467 146 2501 13
172 2466 261 2501 mihi
285 2477 312 2502 s.
340 2467 363 2502 l.
391 2468 453 2501 m2
471 2466 511 2501 F
582 2466 626 2500 14
651 2466 762 2512 enim]
788 2476 816 2501 8.
844 2466 868 2501 l.
895 2466 933 2508 Σ,
959 2476 1028 2502 om.
1053 2466 1088 2502 L
1163 2467 1206 2501 15
1232 2466 1392 2512 puritate
1419 2466 1498 2501 Eat.
1524 2468 1626 2511 parte

0 2502 10 2562 1
102 2527 262 2571 ΣηιᾳπηΒ
369 2525 546 2560 leuissimi
569 2524 639 2560 RS
659 2525 836 2560 lenissimi
861 2529 924 2561 cet.
1016 2525 1060 2561 18
1086 2525 1264 2571 sepphora
1287 2525 1322 2559 L
1418 2524 1531 2559 filium
1556 2523 1626 2558 LB

0 2569 11 2606 ἶ
102 2595 204 2619 suum
229 2584 343 2620 filium
368 2584 407 2618 D
432 2584 543 2619 filium
569 2595 671 2620 suum
697 2588 760 2620 cet.
857 2585 1030 2630 purgauit
1054 2584 1087 2619 Σ
1163 2585 1204 2620 19
1231 2583 1453 2630 apocalipsin
1479 2582 1514 2617 Β
1539 2593 1626 2627 apo—

102 2643 253 2689 calypsis
277 2643 316 2678 D
389 2644 435 2679 ‘20
461 2643 616 2689 accipiat
640 2643 679 2678 D
757 2642 928 2679 uidentur
951 2643 1145 2688 Bp.c.m2g
1216 2644 1259 2678 21
1288 2641 1448 2689 ἄνθρακα
1472 2653 1496 2685 ς
1520 2644 1626 2676 antea

0 2689 17 2730 ἵ
101 2702 204 2737 codd.
278 2703 323 2737 22
351 2700 486 2748 ἄνθραξ
503 2714 528 2747 ς
552 2707 651 2738 amra
674 2701 758 2738 nbix
777 2702 818 2738 F
839 2702 1007 2748 amraybx
1031 2702 1066 2737 L
1090 2700 1349 2738 ANTPA'I'NX
1375 2702 1429 2745 (in
1452 2711 1526 2735 ras.
1552 2702 1623 2740 m2,

96 2761 174 2805 fuit
197 2762 345 2805 mmix)
372 2762 405 2797 Σ
429 2760 688 2806 ANTPATHX
713 2761 752 2796 D
777 2761 951 2808 antrahyx
975 2762 1012 2797 Β
1036 2762 1180 2808 atipayx
1205 2761 1235 2796 S
1330 2760 1461 2805 quippe
1486 2769 1515 2794 s.
1541 2758 1564 2794 l.
1590 2757 1625 2793 L

0 2803 15 2887 ἰ
100 2821 146 2855 23
172 2831 284 2866 genus
310 2822 365 2856 est
387 2832 412 2866 g
507 2821 676 2867 lucentis]
701 2821 854 2856 nitentis
876 2832 901 2866 ς

1530 2888 1571 2923 7*
