1884 3254
642 210 851 256 Epistula
876 211 1024 246 XXXIX
1050 212 1142 246 5-6
1562 217 1646 257 305

121 354 201 383 non
233 340 404 383 recedit.
436 341 546 392 uide,
578 341 724 395 quanti
755 340 894 382 meriti
927 341 984 383 sit
1016 341 1204 383 desertae
1243 341 1508 395 praestitisse
1541 343 1647 385 sola-

121 413 254 454 cium:
295 424 341 454 ex
379 412 668 471 eius-semine
702 411 896 454 Christus
935 411 1129 454 exoritur.
1168 412 1346 466 respice,
1378 412 1453 455 Iob
1493 415 1649 467 quanta

121 483 341 532 sustineat,
382 484 424 524 et
460 482 625 524 uidebis
660 506 713 512 —
747 484 788 523 te
827 482 1003 524 nimium
1043 483 1286 525 delicatam!
1322 508 1376 513 —
1418 483 1569 526 erectis
1607 483 1647 526 in

121 554 283 595 caelum
318 553 452 595 oculis
482 553 594 595 inter
622 553 785 594 ruinam
820 553 985 605 domus,
1018 566 1173 607 poenas
1206 554 1374 605 ulceris,
1406 555 1647 597 innumeras

80 638 98 665 5
121 624 322 666 orbitates
369 626 412 666 et
454 624 506 665 ad
544 626 778 666 extremum
816 625 959 667 uxoris
996 624 1170 667 insidias
1217 624 1418 667 inuictam
1457 626 1648 668 tenuisse

119 695 374 750 patientiam.
408 696 511 747 scio,
546 695 646 749 quid
677 708 933 750 responsura
964 697 1043 739 sis:
1077 697 1156 738 hoc
1189 697 1253 738 illi
1286 697 1406 750 quasi
1445 697 1558 740 iusto
1597 697 1649 739 ad
1687 700 1709 733 4

120 767 410 822 probationem
444 767 649 810 euenisse.
682 771 724 809 et
761 770 807 809 tu
843 781 864 810 e
897 768 1063 810 duobus
1103 768 1226 822 elige.
1267 767 1368 822 quid
1405 768 1535 810 uelis:
1577 772 1651 811 aut
1712 761 1718 765 ’

120 840 265 880 sancta
297 850 342 880 es
369 839 411 880 et
435 837 640 891 probaris,
669 840 742 880 aut
767 838 978 892 peccatrix
1011 841 1054 880 et
1079 839 1236 881 iniuste
1269 839 1454 893 quereris
1486 839 1650 882 minora

118 908 346 958 sustinens,
399 921 524 963 quam
568 909 755 952 mereris.
800 909 901 962 quid
948 912 1090 951 uetera
1134 909 1365 963 replicem?
1409 910 1649 964 praesentia

60 987 96 1016 10
120 981 308 1034 exempla
340 982 514 1022 sectare.
543 982 687 1022 sancta
712 979 959 1031 Melanium,
992 981 1124 1023 nostri
1156 981 1361 1035 temporis
1393 981 1505 1023 inter
1530 979 1648 1024 Chri-

118 1051 278 1093 stianos
322 1063 422 1092 uera
465 1050 678 1101 nobilitas,
719 1063 813 1092 cum
854 1064 936 1105 qua
974 1051 1053 1093 tibi
1093 1051 1289 1094 dominus
1327 1051 1515 1107 mihique
1555 1063 1650 1094 con·

118 1122 239 1164 cedat
276 1121 317 1163 in
357 1122 423 1164 die
463 1134 540 1163 sua
577 1122 730 1164 habere
767 1125 944 1176 partem,
985 1122 1145 1164 calente
1191 1122 1327 1164 adhuc
1370 1122 1512 1164 mariti
1557 1135 1649 1164 cor-

118 1193 296 1247 pusculo
335 1195 379 1234 et
414 1192 591 1234 necdum
629 1193 803 1235 humato
849 1193 954 1235 duos
999 1193 1129 1235 simul
1172 1193 1283 1235 filios
1327 1193 1521 1248 perdidit.
1560 1206 1647 1235 rem

119 1276 212 1306 sum
246 1263 436 1305 dicturus
467 1263 771 1315 incredibilem,
804 1264 879 1306 sed
906 1263 1073 1306 Christo
1105 1266 1217 1306 teste
1248 1276 1330 1306 non
1362 1264 1526 1307 falsam.
1555 1264 1649 1318 quis
1687 1267 1709 1300 5

59 1342 95 1370 15
118 1334 236 1376 illam
280 1336 382 1376 tunc
427 1347 508 1376 non
551 1336 720 1388 putaret
762 1347 878 1377 more
923 1335 1196 1389 lymphatico,
1242 1334 1400 1389 sparsis
1447 1335 1647 1385 crinibus,

117 1408 237 1448 ueste
269 1405 483 1448 conscissa
513 1405 701 1447 lacerum
731 1407 880 1460 peetus
913 1405 1141 1447 inuadere?
1172 1405 1370 1447 lacrimae
1409 1407 1531 1460 gutta
1569 1418 1648 1447 non

116 1476 254 1527 fluxit3
295 1476 416 1518 stetit
452 1476 669 1518 inmobilis
714 1478 757 1518 et
800 1476 851 1517 ad
894 1475 1023 1529 pedes
1069 1476 1274 1518 aduoluta
1313 1476 1485 1526 Christi,
1526 1476 1647 1530 quasi

117 1547 256 1602 ipsum
288 1548 463 1597 teneret,
497 1547 664 1589 adrisit:
691 1547 942 1601 ‘expeditius
975 1546 1055 1605 tibi
1087 1547 1299 1590 seruitura
1331 1560 1440 1598 sum,
1468 1547 1648 1597 domine,

119 1619 218 1673 quia
246 1620 365 1660 tanto
397 1631 465 1660 me
496 1618 689 1661 liberasti
728 1622 878 1660 onere’.
917 1618 992 1660 sed
1029 1618 1206 1660 forsitan
1247 1620 1470 1671 superatur
1505 1617 1546 1659 in
1587 1631 1650 1660 ce-

58 1697 95 1725 20
119 1690 249 1732 teris?
300 1689 399 1744 quin
444 1690 590 1741 immo,
637 1702 720 1744 qua
761 1689 859 1732 illos
904 1691 1043 1731 mente
1088 1689 1401 1743 contempserit,
1439 1689 1481 1731 in
1525 1689 1649 1735 unico

119 1763 265 1816 postea
307 1761 395 1803 filio
439 1761 601 1815 probat,
648 1774 744 1803 cum
796 1761 922 1812 omni,
967 1773 1094 1815 quam
1138 1761 1334 1812 habebat,
1379 1760 1650 1815 possessione

119 1846 321 1875 concessa
351 1833 610 1888 ingrediente
641 1833 725 1875 iam
757 1832 897 1874 hieme
929 1832 1269 1887 Hierosolymam
1300 1832 1530 1887 nauigauit.

180 1906 217 1946 6.
243 1904 386 1955 Parce,
416 1916 587 1958 quaeso,
613 1903 706 1953 tibi,
733 1916 855 1957 parce
881 1903 991 1945 filiae
1018 1904 1099 1945 iam
1129 1916 1225 1945 cum
1252 1902 1418 1946 Christo
1444 1903 1649 1958 regnanti,

119 1987 242 2029 parce
269 1975 412 2016 saltim
432 1975 688 2017 Eustochiae
713 1977 825 2026 tuae,
853 1974 976 2016 cuius
1002 1987 1132 2028 parua
1159 1973 1296 2016 adhuc
1323 1975 1438 2015 aetas
1465 1976 1507 2015 et
1531 1973 1648 2016 rudis

169 2103 190 2136 2
217 2103 330 2137 oritur
355 2103 422 2137 ΣΒ
565 2102 624 2136 iob
653 2104 742 2146 (non
766 2101 868 2144 hiob)
896 2102 999 2137 codd.
1140 2103 1161 2137 3
1188 2101 1520 2146 susti(eZ'a.c.)nuit
1545 2100 1650 2135 ZDB

123 2161 313 2196 delicatam
340 2161 442 2196 illum
467 2172 508 2205 g;
534 2160 787 2206 distinyuendi
811 2161 920 2205 siqua
946 2160 1079 2195 addidi
1127 2162 1150 2195 4
1175 2160 1298 2195 ruinas
1316 2160 1353 2194 Β
1403 2161 1422 2194 7
1450 2159 1592 2194 uenisse
1611 2159 1651 2193 D

123 2219 219 2265 quod
239 2220 343 2255 ΣΒΒ
392 2221 413 2255 8
440 2231 477 2255 es
504 2221 554 2264 et]
581 2231 658 2255 esse
686 2220 752 2255 ΣΒ
801 2220 823 2254 9
849 2220 1006 2255 sustines
1035 2220 1068 2255 G
1095 2220 1272 2254 sustinere
1299 2219 1335 2254 Β
1386 2219 1429 2254 10
1454 2218 1649 2256 Melanium

122 2279 253 2324 scripsi
277 2279 452 2314 melanius
483 2279 596 2314 GK'P
622 2279 780 2314 melania
805 2279 880 2323 (nia
904 2290 931 2314 s.
960 2279 983 2314 l.
1009 2280 1058 2323 Β)
1085 2282 1147 2314 cet.
1206 2279 1246 2313 11
1275 2278 1436 2323 mihique
1462 2277 1563 2320 (mihi
1590 2277 1650 2322 qui

127 2339 176 2380 Ψ)
195 2350 291 2374 conc.
313 2338 407 2374 dom.
422 2339 505 2374 KP
551 2339 595 2373 12
616 2350 678 2373 suo
699 2339 736 2373 Β
807 2338 913 2384 part]
936 2338 1022 2374 add.
1043 2349 1136 2383 quae
1152 2338 1219 2373 ΣΙ)
1270 2339 1314 2373 13
1333 2338 1381 2372 fil.
1402 2338 1478 2372 sim.
1500 2336 1600 2382 perd.
1619 2336 1652 2372 G

122 2398 200 2432 sim.
225 2396 324 2443 perd.
350 2397 400 2432 fil.
425 2409 449 2442 g
583 2397 627 2432 14
651 2398 750 2432 teste
774 2401 841 2442 xpo
867 2408 891 2441 g
1026 2397 1068 2432 15
1095 2390 1181 2432 tunc
1207 2407 1274 2432 om.
1301 2396 1352 2438 D,
1377 2396 1419 2431 in
1443 2407 1509 2441 my.
1536 2398 1599 2431 m2
1624 2396 1655 2430 Σ

121 2456 303 2502 lymfatico
334 2456 367 2491 G
393 2456 549 2492 enfatico
575 2456 616 2491 K
623 2455 661 2491 Ψ
681 2456 835 2502 limph(h
861 2468 889 2492 8.
917 2456 939 2491 l.
966 2457 1109 2502 2)atico
1136 2460 1198 2492 cet.
1358 2456 1401 2492 16
1428 2456 1590 2491 concissa
1616 2455 1652 2489 Β

125 2516 168 2551 18
193 2515 354 2551 arridens
379 2515 416 2550 Β
516 2516 601 2562 tibi]
625 2516 696 2551 tibi
720 2516 841 2561 inquit
865 2516 901 2550 Β
925 2516 1046 2562 inquit
1069 2515 1140 2551 tibi
1164 2527 1189 2561 ς
1288 2517 1331 2551 19
1358 2515 1455 2561 quia]
1485 2515 1543 2560 qui
1571 2525 1592 2549 a
1616 2514 1652 2548 Β

121 2586 178 2609 on.
204 2585 261 2610 me
286 2575 351 2610 lib.
376 2575 442 2610 ΣΒ
466 2586 523 2610 me
549 2586 607 2610 on.
632 2575 696 2610 lib.
722 2575 761 2611 D
867 2575 914 2610 20
941 2576 1026 2621 qua]
1055 2575 1178 2621 quales
1204 2575 1241 2610 Β
1349 2575 1392 2609 21
1421 2574 1470 2608 fil.
1496 2575 1589 2619 post.
1616 2573 1652 2607 B

123 2634 219 2668 omni
253 2645 358 2680 quam
394 2634 538 2679 G‚Zp.c.
571 2645 713 2669 omnem
745 2646 850 2680 quam
882 2634 964 2670 K3l¹
996 2639 1076 2670 otha
1108 2645 1214 2680 quam
1246 2634 1286 2669 D
1317 2633 1414 2668 omni
1452 2643 1520 2678 que
1553 2632 1650 2666 Σα.σ.

122 2693 283 2727 omnium
310 2703 400 2738 quae
424 2693 461 2728 Β
535 2692 796 2738 possessionem
822 2693 906 2728 K¹1'
975 2693 1021 2728 22
1047 2693 1238 2738 ingruente
1265 2692 1369 2727 ΣΒΒ
1442 2691 1487 2726 23
1514 2690 1582 2724 tibi
1609 2701 1652 2725 ex

122 2756 160 2786 te
184 2752 280 2787 m22'
397 2763 476 2788 cum
501 2756 569 2797 xpo
596 2752 668 2787 iam
693 2763 718 2797 g
819 2753 865 2788 24
891 2753 1074 2789 eustociae
1103 2753 1137 2788 G
1166 2752 1373 2788 eusthociae
1400 2749 1444 2784 K
1464 2749 1650 2785 custodiae

123 2811 262 2847 2a.c.D
287 2811 473 2846 eustochio
499 2822 524 2856 ς

163 2893 238 2919 mv.
259 2893 386 2921 Hieron.
409 2892 508 2927 Epist.
529 2894 552 2919 1.
1555 2879 1602 2914 20
