1884 3254
294 261 377 303 134
829 256 980 291 Sancti
1006 254 1261 299 Hieronymi

291 399 456 430 mecum
482 398 540 436 es,
566 397 645 427 non
672 384 770 438 quia
793 395 885 425 mea
910 384 1131 436 praecepta
1156 379 1432 434 conpleueris,
1459 380 1533 422 sed
1557 380 1670 434 quod
1693 383 1738 423 te
1762 381 1803 424 in
1844 423 1847 425 Α

291 459 460 512 longam
485 455 696 511 regionem
723 454 835 496 abire
860 465 939 495 non
960 463 1111 506 passus
1132 450 1231 499 sinn
1251 461 1417 492 mecum
1438 462 1483 492 es
1503 450 1555 492 ad
1575 452 1819 494 extremum·

294 526 523 569 secundum
542 524 662 574 illud,
683 523 794 578 quod
813 524 981 565 locutus
1002 534 1095 563 sum
1116 520 1168 562 ad
1186 519 1346 562 Dauid:
1373 520 1416 562 si
1442 520 1808 575 dereliquerint

294 597 394 638 filii
433 597 539 637 eius
577 595 738 649 legem
776 605 930 635 meam
968 594 1017 634 et
1046 592 1094 633 in
1126 591 1336 633 iudiciis
1367 590 1489 634 meis
1522 603 1614 634 non
1647 592 1803 635 ambu-

292 665 524 715 lauerint,
546 665 587 707 si
612 662 1017 706 iustificationes
1044 668 1176 704 meas
1203 661 1585 716 profanauerint
1609 663 1658 704 et
1681 674 1807 705 man-

295 735 407 777 data
445 747 551 776 mea
587 747 677 777 non
717 732 1071 785 custodierint,
1103 732 1331 775 uisitabo
1369 732 1415 774 in
1454 732 1600 788 uirga
1628 732 1811 787 iniqui·

293 808 424 848 tates
463 818 628 847 eorum
661 806 708 846 et
739 804 786 846 in
817 803 1048 859 flagellis
1079 802 1368 846 iniustitias
1401 815 1587 854 eorum3
1620 802 1810 846 miseri-

294 875 512 918 cordiam
538 876 702 917 autem
728 887 881 916 meam
906 886 997 916 non
1023 873 1243 916 auferam
1270 873 1327 915 ab
1354 878 1435 916 eo’.
1461 885 1542 928 quo
1567 873 1809 916 testimonio

295 948 337 988 et
366 945 422 996 id,
455 945 495 987 in
528 957 608 998 quo
641 945 754 987 filius
787 944 924 987 senior
961 944 1177 999 gloriatur,
1214 944 1370 986 falsum
1408 956 1501 986 esse
1533 944 1811 996 conuincitur,

295 1015 394 1057 dum
426 1015 466 1057 in
499 1015 565 1057 dei
595 1014 762 1057 iudiciis
794 1027 874 1057 non
901 1014 1138 1057 ambulauit
1169 1016 1211 1056 et
1242 1013 1334 1057 eius
1366 1014 1564 1057 mandata
1592 1026 1674 1057 non
1698 1013 1810 1057 fecit.
1838 1018 1841 1022 ⁴

295 1089 349 1136 et,
383 1086 591 1140 quomodo
629 1086 713 1128 ista
748 1099 830 1128 non
869 1085 1027 1128 faciens
1066 1099 1162 1128 cum
1199 1088 1317 1141 patre
1349 1098 1514 1139 semper
1542 1085 1684 1138 fuerit,
1717 1085 1812 1129 edo-

295 1169 453 1198 cemur:
487 1156 586 1199 dum
618 1169 796 1211 peccans
828 1157 1029 1199 uisitatur
1059 1156 1101 1198 in
1139 1156 1262 1212 uirga
1301 1158 1344 1199 et
1372 1156 1548 1198 uisitato
1579 1155 1813 1204 misericor·

295 1225 363 1267 dia
400 1239 480 1268 non
517 1230 706 1282 negatur.
739 1239 813 1269 nec
850 1226 1088 1269 mirandum
1127 1228 1193 1268 est
1229 1227 1338 1281 patri
1370 1239 1467 1269 eum
1499 1239 1650 1269 ausum
1679 1226 1813 1269 fuisse

295 1297 475 1348 mentiri,
510 1297 582 1351 qui
612 1297 732 1339 fratri
762 1297 1136 1351 potuitinuidere,
1162 1297 1342 1356 maxime
1374 1309 1470 1339 cum
1501 1297 1543 1339 in
1575 1296 1643 1339 die
1666 1295 1814 1340 iudicii
1844 1296 1847 1299 ’

296 1367 465 1420 quidam
495 1367 768 1422 inpudentius
800 1367 1075 1409 mentiantur:
1114 1371 1263 1410 ‘nonne
1294 1367 1336 1409 in
1366 1367 1534 1410 nomine
1569 1368 1644 1410 tuo
1677 1374 1851 1409 come-1

296 1437 433 1479 dimus
473 1441 515 1480 et
551 1438 734 1480 bibimus
773 1441 814 1480 et
851 1438 1032 1480 uirtutes
1064 1438 1222 1480 multas
1253 1438 1448 1490 fecimus,
1480 1437 1700 1480 daemonia
1730 1436 1812 1480 eie·

297 1508 478 1550 cimus?
511 1508 611 1562 quid
642 1521 742 1551 uero
775 1509 848 1551 sit:
887 1511 935 1551 et
972 1508 1132 1550 omnia
1169 1521 1275 1551 mea
1310 1510 1398 1551 tua
1434 1509 1563 1559 sunt,
1603 1520 1680 1550 suo
1717 1508 1810 1550 loco

297 1579 593 1633 congruentius
626 1579 913 1634 explicabitur.
1583 1586 1585 1588 ’

356 1650 426 1691 35.
458 1650 518 1691 Et
548 1662 810 1703 numquam
840 1639 1032 1692 'dedisti
1062 1650 1183 1692 mihi
1214 1649 1438 1701 haedum,
1469 1651 1524 1692 ut
1554 1662 1663 1692 cum
1695 1649 1812 1692 ami-

297 1718 369 1761 cis
408 1719 528 1762 meis
568 1720 807 1773 epularer.
841 1722 1027 1771 ‘tantus',
1058 1720 1197 1774 inquit
1226 1719 1400 1771 Israhel,
1431 1719 1619 1775 ‘sanguis
1651 1719 1811 1762 effusus

297 1791 375 1841 est,
405 1791 471 1832 tot
506 1790 723 1832 hominum
762 1803 883 1833 caesa
920 1793 1019 1833 sunt
1054 1791 1186 1842 milia,
1220 1793 1263 1833 et
1293 1791 1437 1833 nullus
1471 1803 1614 1833 eorum
1646 1793 1849 1834 nostrae-⁴

296 1860 433 1902 extitit
464 1860 613 1902 salutis
645 1861 895 1914 redemptor.
925 1861 1018 1915 ipse
1048 1862 1196 1913 Iosias,
1223 1861 1295 1915 qui
1325 1861 1487 1916 placuit
1515 1861 1558 1904 in
1584 1863 1814 1916 conspectu

296 1933 384 1981 tuo,
417 1932 459 1972 et
488 1944 619 1984 nuper
649 1931 933 1981 Macchabaei,
966 1932 1038 1985 qui
1069 1944 1142 1986 pro
1180 1934 1255 1974 tua
1285 1931 1519 1974 hereditate
1555 1931 1814 1986 pugnabant,

413 2055 434 2090 3
462 2055 542 2090 *Ps.
568 2056 624 2100 88,
650 2055 792 2092 31-34
884 2057 927 2092 15
954 2056 998 2092 cf.
1023 2057 1155 2093 Matth.
1182 2058 1214 2102 7,
1241 2057 1299 2093 22.
1324 2058 1411 2095 Luc.
1441 2058 1495 2099 13,
1522 2057 1567 2093 26
1658 2058 1701 2094 17
1727 2058 1813 2094 Luc.

299 2114 353 2158 15,
379 2114 421 2149 31
499 2116 541 2150 19
566 2115 651 2150 Luc.
677 2116 733 2159 15,
759 2116 805 2151 29
890 2115 936 2151 22
962 2116 1004 2151 cf.
1031 2116 1083 2151 1v
1107 2117 1198 2164 Reg.
1223 2117 1282 2162 22,
1307 2118 1330 2152 2

346 2185 362 2218 1
390 2195 507 2229 praec.
531 2196 609 2220 mea
633 2197 658 2230 g
730 2197 799 2230 quo
832 2186 919 2220 WX
982 2187 1004 2221 2
1028 2187 1197 2232 longuam
1224 2187 1261 2222 B
1283 2187 1520 2233 longinquam
1542 2198 1567 2232 g
1639 2198 1718 2222 sum
1742 2187 1818 2223 DB

297 2253 335 2276 es
354 2254 421 2279 om.
442 2243 509 2278 ΣΒ
557 2244 578 2279 3
599 2255 676 2278 sum
696 2244 735 2279 in
754 2256 821 2290 my.
840 2247 903 2280 m2
921 2245 962 2279 X
1033 2246 1062 2280 si
1082 2247 1204 2281 autem
1224 2246 1257 2281 Σ
1323 2246 1668 2292 derelinquerentX
1683 2248 1817 2298 (corn),

298 2299 577 2346 derelinquerint
602 2302 651 2335 W
664 2302 884 2348 deliquerint
908 2303 938 2346 Q
986 2304 1007 2339 5
1026 2304 1187 2340 iustitias
1220 2304 1341 2347 WXQ
1389 2306 1408 2340 7
1435 2305 1594 2340 iustitias
1618 2305 1659 2340 D
1683 2306 1818 2358 (corn),

297 2362 446 2405 peccata
470 2361 505 2395 B
570 2362 591 2396 8
618 2362 791 2407 auferam]
817 2361 1020 2408 dispergam
1045 2363 1085 2398 D
1170 2364 1224 2410 eo]
1252 2364 1303 2399 eis
1329 2363 1433 2400 ΣΒΒ
1499 2365 1521 2400 9
1546 2363 1585 2400 id
1608 2363 1647 2399 in
1671 2363 1767 2410 quod
1790 2364 1818 2398 Δ

295 2419 335 2453 in
361 2420 466 2462 (eras.
492 2419 545 2462 X)
571 2419 607 2454 id
632 2420 670 2455 iu
696 2432 765 2465 quo
793 2421 878 2455 WX
900 2421 938 2456 id
964 2421 1059 2467 quod
1090 2422 1121 2464 Q
1194 2423 1237 2458 10
1264 2423 1426 2458 ambulat
1449 2423 1635 2466 2D‚Ba.c.
1730 2422 1819 2458 facit

299 2476 586 2521 ZXDssamne
661 2480 699 2514 11
727 2491 798 2514 non
822 2491 851 2515 s.
878 2481 902 2515 l.
929 2481 961 2515 Σ
1027 2492 1139 2526 semp.
1164 2481 1214 2516 fu.
1241 2481 1312 2527 ed.]
1338 2481 1451 2517 fuisse
1476 2493 1586 2528 semp.
1611 2480 1761 2518 docetur
1783 2473 1839 2516 B'

297 2535 349 2570 fu.
374 2536 445 2581 ed.]
473 2536 582 2572 fuerit
607 2538 644 2572 et
670 2537 839 2573 docemur
868 2538 898 2580 Q
928 2538 1041 2574 fuisse
1069 2539 1216 2575 docetur
1247 2540 1398 2586 (dicitur
1425 2541 1541 2585 Xm2)
1571 2540 1821 2586 ZD‚Xp,.c.m2

300 2596 343 2630 13
369 2597 424 2630 est
441 2606 508 2630 om.
530 2595 632 2631 ΣΒΒ
684 2598 727 2632 14
746 2596 902 2632 inuideri
936 2598 1020 2633 WX
1070 2599 1112 2634 15
1134 2598 1295 2635 dicentes
1320 2611 1437 2636 nonne
1455 2611 1480 2645 g
1529 2600 1573 2636 16
1599 2600 1664 2636 alt.
1685 2602 1722 2635 et
1739 2600 1840 2642 AX,

296 2663 366 2688 om.
392 2658 453 2690 cet.
526 2654 676 2689 fecimus
703 2658 739 2690 et
757 2667 781 2700 g
853 2657 999 2691 eicimus
1019 2657 1087 2692 ΣΙ)
1138 2659 1179 2693 17
1199 2659 1261 2703 sit]
1287 2659 1361 2694 sint
1384 2662 1419 2703 (n
1440 2661 1550 2703 eras.)
1569 2660 1596 2694 Δ
1646 2659 1691 2695 18
1710 2658 1819 2704 expli-

294 2712 456 2748 cabimus
470 2713 506 2748 Β
562 2714 604 2748 19
624 2714 712 2749 mihi
733 2713 813 2749 ded.
828 2716 866 2753 Δ,
886 2716 969 2751 item
985 2718 1121 2761 p.135,
1136 2719 1194 2760 15,
1213 2717 1277 2753 sed
1289 2718 1336 2762 cf.
1350 2730 1390 2763 p.
1405 2719 1491 2760 135,
1509 2720 1532 2753 7
1580 2718 1626 2754 20
1644 2716 1819 2753 israhelA

298 2771 422 2816 populi
447 2771 553 2806 israel
573 2771 609 2806 B
627 2772 735 2807 israel
753 2777 816 2808 cet.
866 2773 909 2808 21
931 2777 988 2809 tot
1007 2785 1075 2809 om.
1104 2774 1188 2809 WX
1233 2776 1279 2811 23
1299 2776 1506 2812 macchabei
1525 2775 1595 2811 ΔΧ
1610 2774 1820 2811 machabaei

298 2828 375 2871 DQ
398 2829 584 2865 machabei
611 2830 691 2865 WB
715 2832 882 2867 mahabei
909 2832 1109 2875 (machabei
1133 2836 1209 2878 1722)
1235 2835 1268 2869 Σ
1341 2835 1385 2870 ab
1404 2836 1527 2879 (eras.)
1546 2833 1752 2870 hereditate
1778 2832 1828 2867 W
