1884 3254
21 1144 95 1177 Ι10

535 248 746 296 Epistula
770 248 957 284 XXXVIII
982 249 1204 284 4—XXXIX
1232 250 1248 284 1
1563 254 1649 295 293

124 392 257 435 genus
289 381 355 423 est
386 380 548 435 inpium
580 392 672 422 esse
702 392 776 434 pro
810 379 990 423 domino.
1016 392 1106 432 nos,
1136 380 1234 434 quia
1265 380 1399 423 serica
1423 382 1543 423 ueste
1568 393 1650 422 non
1687 382 1708 416 2

123 450 295 502 utimur,
315 450 509 494 monachi
532 450 782 502 iudicamur,
810 450 907 504 quia
934 450 1038 492 ebrii
1062 463 1143 493 non
1171 463 1318 494 sumus
1345 463 1420 494 nec
1447 451 1647 493 cachinno

122 533 194 564 ora
225 521 517 572 dissoluimus,
550 521 810 564 continentes
843 534 1045 564 uocamur
1070 524 1112 564 et
1136 522 1295 565 tristes.
1327 522 1363 564 si
1394 522 1537 564 tunica
1567 534 1648 564 non

122 591 352 644 canduerit,
373 592 518 635 statim
536 591 644 634 illud
670 605 692 634 e
717 591 865 634 triuio:
891 590 1096 648 einpostor
1123 594 1165 635 et
1192 591 1377 635 Graecus
1405 592 1493 636 est’.
1521 593 1647 636 cauil-

121 662 260 706 lentur
290 663 471 706 uafriora
506 663 608 706 licet
647 664 690 705 et
720 662 869 718 pingui
900 663 1139 718 aqualiculo
1178 663 1312 706 farsos
1351 664 1650 706 circumferant

120 733 328 776 homines:
374 733 551 776 Blesilla
599 736 741 776 nostra
789 734 944 777 ridebit
992 747 1067 777 nec
1119 734 1360 790 dignabitur
1402 735 1647 789 loquacium

120 816 313 846 ranarum
334 804 476 847 audire
497 804 700 856 conuicia,
717 817 812 848 cum
835 805 1029 848 dominus
1053 805 1144 848 eius
1165 805 1304 847 dictus
1326 805 1383 847 sit
1396 805 1646 847 Beelzebub.

783 944 976 987 XXXIX.

374 1039 450 1081 AD
483 1039 716 1083 PAULAM
748 1039 822 1082 DE
854 1038 1048 1082 MORTE
1081 1038 1397 1082 BLESILLAE.

181 1133 220 1175 1.
255 1131 378 1184 Quis
411 1133 550 1176 dabit
581 1135 738 1189 capiti
769 1146 874 1176 meo
907 1146 1082 1188 aquam
1115 1136 1163 1176 et
1195 1133 1356 1176 oculis
1388 1133 1512 1176 meis
1545 1133 1646 1176 fon-

118 1205 217 1246 tem
242 1203 575 1255 lacri'marum,
604 1206 652 1247 et
677 1204 884 1258 plorabo
906 1229 961 1235 --
983 1217 1078 1255 non,
1105 1205 1154 1246 ut
1178 1203 1414 1246 Hieremias
1441 1204 1513 1255 ait,
1541 1204 1646 1246 uul-

117 1276 318 1317 neratos
350 1275 528 1329 populi
559 1275 654 1318 mei
686 1288 776 1326 nec,
804 1277 853 1318 ut
879 1276 1014 1326 Iesus,
1041 1275 1239 1318 miseram
1264 1275 1545 1327 Hierusalem,
1572 1275 1647 1317 sed

115 1342 289 1400 plorabo
310 1370 365 1375 -
387 1345 667 1397 sanctitatem,
694 1346 1040 1397 misericordiam,
1059 1346 1356 1396 innocentiam,
1384 1345 1645 1395 castitatem

236 1484 259 1518 4
285 1483 328 1518 cf.
357 1483 461 1530 epist.
487 1483 544 1529 54,
571 1484 592 1519 5
673 1484 693 1519 7
721 1483 764 1520 cf.
790 1483 922 1519 Matth.
952 1484 1007 1526 10,
1033 1484 1078 1519 25
1154 1482 1198 1518 10
1224 1482 1345 1519 *Hier.
1372 1483 1406 1528 9,
1434 1484 1451 1519 1
1531 1485 1572 1519 12
1599 1484 1645 1521 cf.

117 1542 249 1578 Matth.
274 1543 331 1587 23,
357 1543 499 1579 37-39
524 1545 592 1580 etc.

166 1638 183 1672 1
213 1640 268 1672 est
293 1648 406 1683 genus
431 1637 466 1673 L
574 1649 652 1674 esse
677 1647 746 1674 om.
772 1637 808 1672 L
916 1637 1015 1684 quia]
1044 1637 1106 1684 qui
1131 1637 1166 1672 L
1274 1637 1381 1673 sirica
1407 1637 1442 1672 L
1467 1637 1582 1684 syrica
1607 1637 1646 1672 D

115 1697 138 1732 2
164 1696 253 1742 iud.]
278 1696 434 1733 iudimur
459 1698 532 1742 (uel
556 1697 755 1742 ludimurP)
783 1698 823 1732 H
921 1697 1017 1743 quia]
1046 1697 1107 1743 qui
1132 1696 1167 1731 L
1280 1696 1398 1731 hebrii
1422 1696 1462 1731 D
1489 1697 1585 1732 ebrei
1611 1697 1645 1738 L

115 1756 288 1791 cachinno
314 1756 350 1790 Β
375 1757 523 1792 cachino
550 1757 592 1792 N
613 1757 761 1792 cacinno
787 1760 850 1793 cet.
966 1757 988 1791 3
1013 1755 1114 1802 diss]
1143 1756 1211 1792 litt.
1237 1756 1330 1791 imus
1354 1756 1397 1791 in
1421 1767 1497 1791 ras.
1522 1758 1586 1791 m2
1610 1756 1646 1791 Β

115 1816 139 1851 4
164 1815 403 1851 canudmerit
426 1816 462 1851 L
539 1815 602 1850 illo
628 1815 702 1850 LD
781 1815 814 1861 e]
842 1815 885 1850 de
911 1815 985 1850 LD
1063 1815 1226 1861 inposter
1250 1815 1292 1849 D
1368 1815 1585 1850 cauillentur
1608 1816 1645 1851 Β

117 1875 340 1912 cauellentur
370 1874 542 1910 Na.c.m2
573 1875 790 1910 cauillantur
823 1874 862 1910 11
889 1874 1113 1910 cauellantur
1137 1874 1212 1909 LD
1356 1876 1377 1910 5
1409 1874 1581 1910 uidelicet
1606 1875 1646 1910 N

114 1935 266 1981 pinguia
292 1935 331 1970 H
422 1933 535 1969 fartos
559 1945 584 1979 g
609 1945 733 1979 parsos
751 1933 796 1969 N
875 1935 896 1970 6
923 1933 1180 1980 dedignabitur
1206 1933 1246 1969 11
1321 1934 1341 1969 7
1366 1933 1542 1969 belzebub
1570 1933 1645 1968 LD

113 1993 339 2039 beelzebuph
366 1993 403 2028 B

400 2123 675 2168 Neapolitanus
706 2123 772 2159 VI.
797 2123 847 2158 D.
878 2124 929 2158 59
951 2133 980 2158 s.
1012 2121 1102 2157 VII.

399 2181 650 2227 Spinaliensis
678 2184 729 2218 68
751 2192 782 2217 s.
813 2181 928 2217 VIII.

407 2241 614 2277 Turicensia
636 2241 836 2287 Auyiensis
864 2243 908 2276 41
932 2251 961 2277 3.
985 2240 1060 2276 ΙΧ.

408 2300 612 2337 Vaticomus
637 2301 701 2336 lat.
730 2299 869 2346 355-1-
884 2301 963 2335 356
986 2311 1013 2335 s.
1040 2299 1202 2335 IX—X.

397 2359 741 2406 Auyustodunemis
763 2359 859 2395 17A
883 2371 912 2395 8.
939 2359 987 2396 Χ.

396 2419 647 2455 Bcrolinensis
673 2419 740 2457 lat.
764 2421 811 2453 18
834 2430 862 2454 8.
890 2419 987 2454 XII.
1048 2415 1052 2419 “

256 2122 301 2453 δυ’-Ξΰῑᾋβςῑῦ

326 2435 371 2450 ΙΙ
328 2376 373 2390 ΙΙ
330 2317 374 2330 ΙΙ
330 2257 375 2271 Η
328 2197 373 2211 ΙΙ
328 2139 374 2153 ΙΙ

162 2546 183 2580 9
216 2545 261 2581 ad
292 2546 434 2592 paulam
467 2545 511 2581 de
541 2547 657 2582 morte
694 2545 806 2593 (filiae
845 2545 932 2582 add.
967 2545 1015 2591 G)
1052 2545 1218 2581 blesillae
1253 2544 1365 2581 GKR
1403 2544 1643 2580 consolatoria

113 2604 305 2640 hieronimi
330 2604 375 2640 ad
400 2605 544 2651 paulam
570 2605 614 2641 de
641 2605 856 2641 dormitione
882 2605 1046 2641 blesillae
1065 2605 1134 2640 ΣΙ)
1154 2604 1394 2641 consolatoria
1419 2603 1504 2650 epla
1522 2603 1639 2638 hiero-

114 2663 203 2698 nimi
235 2663 279 2699 ad
310 2664 454 2710 paulam
485 2665 528 2700 de
560 2666 674 2700 morte
698 2664 842 2701 blesille
872 2664 926 2709 EF,-
951 2664 1170 2710 Hieronymi
1193 2674 1324 2700 nomen
1349 2662 1516 2699 eaehibent
1541 2661 1642 2697 tituli

112 2722 156 2758 in
181 2722 284 2758 codd.
305 2727 454 2769 praeter
482 2723 516 2759 G
591 2724 631 2759 11
660 2734 731 2759 non
757 2735 824 2760 om.
854 2724 893 2760 Ψ
986 2724 1074 2759 iher.
1100 2724 1136 2758 Β
1160 2723 1223 2759 ier.
1250 2735 1274 2768 g
1369 2721 1585 2757 uum-filios
1604 2720 1641 2755 Β

116 2781 159 2817 12
185 2781 366 2817 miseriam
389 2794 414 2828 ς
466 2812 470 2816 s
525 2782 658 2818 iherus.
683 2781 720 2818 Β
743 2783 850 2819 ierus.
874 2795 899 2828 ς
991 2783 1034 2819 13
1059 2783 1176 2818 innoc.
1202 2782 1281 2817 mis.
1305 2774 1342 2816 'B
1452 2782 1639 2816 caritatem

114 2841 320 2876 castitatem
346 2841 381 2876 Β
