1884 3254
10 680 52 708 Γῆ

12 1029 52 1065 30

648 257 852 302 Epistula
871 257 927 291 111
948 257 1043 291 2-—4
1552 261 1605 302 15

77 384 259 440 perdidi;
291 385 581 428 Innocentium
615 384 739 436 enim,
786 387 945 438 partem
991 384 1152 426 animae
1195 397 1326 435 meae,
1364 385 1606 439 repentinus

75 455 256 498 febrium
286 455 410 498 ardor
439 455 652 498 abstraxit.
677 467 788 497 nunc
814 468 896 496 uno
924 457 967 496 et
991 456 1080 497 toto
1107 454 1213 498 mihi
1238 455 1398 498 lumine
1422 456 1605 511 Euagrio

76 528 220 568 nostro
252 526 381 577 fruor,
408 526 476 568 cui
506 539 585 582 ego
618 538 783 580 semper
812 525 1004 568 infirmus
1038 525 1209 580 quidam
1240 526 1294 568 ad
1323 526 1510 570 laborem
1537 540 1606 569 cu-

76 596 219 639 mulus
239 596 412 639 accessi.
433 599 522 638 erat
539 598 759 639 nobiscum
781 598 823 638 et
835 597 969 650 Hylas
990 599 1158 639 sanctae
1177 596 1385 639 Melaniae
1404 597 1606 647 famulus,

76 666 148 721 qui
171 668 356 721 puritate
375 679 539 710 morum
557 667 767 710 maculam
788 667 1010 710 seruitutis
1036 667 1245 722 abluerat;
1266 670 1308 710 et
1334 668 1401 710 hic
1427 669 1606 711 necdum

74 737 300 780 obductam
324 739 500 781 rescidit
523 738 775 782 cicatricem.
803 752 948 780 uerum
977 739 1074 792 quia
1101 738 1150 780 de
1177 738 1483 782 dormientibus
1512 752 1606 782 con-

74 808 235 851 tristari
272 810 455 864 apostoli
492 823 597 852 uoce
629 809 901 864 prohibemur
933 811 973 852 et
1006 809 1135 852 nimia
1166 809 1232 851 uis
1264 811 1463 853 maeroris
1494 810 1606 852 laeto

74 880 397 933 superueniente
422 880 568 923 nuntio
595 882 828 935 temperata
848 883 925 932 est,
944 880 1179 922 indicamus
1200 880 1294 932 tibi,
1314 882 1375 931 ut,
1397 880 1432 922 si
1453 881 1605 934 nescis,

75 949 229 1000 discas,
261 951 298 992 si
330 953 425 993 ante
457 951 711 1006 cognouisti,
744 951 900 1005 pariter
930 950 1204 1004 gaudeamus,

136 1021 179 1062 4.
208 1021 404 1063 Bonosus
434 1023 550 1074 tuus,
579 1021 709 1063 immo
746 1033 866 1063 meus
906 1023 960 1071 et,
998 1023 1047 1062 ut
1085 1021 1227 1062 uerius
1267 1021 1418 1071 dicam,
1450 1024 1606 1073 noster,

77 1091 232 1134 scalam
254 1094 542 1147 praesagatam
562 1092 688 1134 Iacob
716 1091 949 1134 somniante
974 1092 1056 1133 iam
1079 1091 1261 1134 scandit:
1281 1094 1423 1146 portat
1439 1104 1607 1134 crucem

15 1210 20 1217 ,
76 1173 197 1204 suam
222 1174 298 1203 nec
324 1161 374 1203 de
400 1162 582 1204 crastino
609 1161 770 1216 cogitat
796 1174 873 1204 nec
897 1164 996 1216 post
1019 1164 1189 1217 tergum
1213 1162 1398 1216 respicit.
1430 1162 1610 1205 seminat

0 1368 53 1414 ἰο

0 1227 4 1230 ’
75 1232 118 1274 in
139 1232 343 1284 lacrimis,
361 1235 410 1275 ut
435 1232 477 1275 in
503 1232 658 1287 gaudio
684 1236 830 1282 metat.
858 1236 902 1274 et
927 1234 1186 1275 sacramento
1207 1233 1347 1288 Moysi
1371 1235 1607 1288 serpentem

75 1304 119 1346 in
156 1304 326 1347 heremo
363 1303 595 1358 suspendit.
628 1304 779 1346 cedant
815 1304 915 1346 huic
952 1303 1123 1346 ueritati
1161 1306 1247 1346 tam
1282 1302 1442 1347 Graeco
1481 1317 1608 1358 quam

76 1375 264 1418 Romano
284 1375 383 1417 stilo
402 1375 632 1417 mendaciis
646 1375 746 1417 ficta
757 1375 974 1417 miracula.
990 1387 1086 1417 ecce
1105 1387 1211 1429 puer
1227 1375 1417 1418 honestis
1437 1377 1607 1418 saeculo

76 1445 296 1489 nobiscum
325 1446 485 1489 artibus
510 1446 749 1497 institutus,
771 1446 840 1488 cui
865 1459 966 1500 opes
993 1446 1182 1498 adfatim,
1209 1446 1393 1502 dignitas
1419 1446 1608 1501 adprime

75 1517 185 1559 inter
221 1517 432 1571 aequales,
471 1519 714 1571 contempta
750 1520 896 1569 matre.
935 1517 1151 1560 sororibus
1184 1519 1227 1559 et
1265 1517 1482 1560 carissimo
1526 1517 1609 1560 sibi

76 1600 274 1643 germano
299 1588 485 1630 insulam
503 1589 654 1643 pelago
681 1589 1018 1631 circumsonante
1044 1589 1321 1644 nauisragam,
1342 1587 1412 1630 cui
1436 1600 1607 1642 asperae

77 1661 222 1701 cautes
243 1661 286 1701 et
309 1659 422 1701 nuda
446 1671 545 1701 saxa
570 1663 612 1701 et
638 1659 823 1702 solitudo
849 1659 999 1702 terrori
1024 1660 1103 1710 est,
1124 1659 1247 1713 quasi
1272 1658 1442 1712 quidam
1469 1671 1606 1701 nouus

75 1730 259 1784 paradisi
292 1731 465 1773 colonus
497 1730 666 1773 insedit.
697 1729 842 1772 nullus
873 1730 932 1772 ibi
965 1730 1257 1785 agricolarum.
1290 1730 1434 1771 nullus
1467 1741 1608 1771 mona-

195 1905 216 1939 6
243 1904 287 1940 cf.
313 1904 331 1939 I
356 1903 479 1939 Thess.
506 1906 539 1950 4,
570 1905 612 1939 12
687 1905 729 1940 11
758 1903 803 1939 cf.
830 1903 920 1940 Gen.
947 1904 1004 1946 28,
1034 1904 1077 1938 12
1152 1903 1196 1939 cf.
1215 1903 1355 1941 Matth.
1383 1904 1440 1945 16,
1466 1904 1513 1938 24
1539 1906 1606 1938 etc.

78 1964 121 1998 12
148 1963 191 1999 cf.
218 1963 350 1999 Matth.
377 1965 409 2005 6,
436 1965 482 1998 34
558 1965 600 1999 13
628 1964 672 1999 cf.
698 1964 805 1999 Num.
832 1964 891 2005 21,
918 1965 938 1998 9

126 2081 143 2114 1
172 2080 282 2125 enim]
310 2083 429 2115 autem
450 2079 522 2116 2121
618 2081 639 2114 2
667 2080 825 2116 adtraxit
843 2080 886 2115 K
981 2080 1118 2126 euagrii
1143 2079 1188 2114 K
1274 2080 1295 2114 3
1322 2079 1434 2114 nostri
1461 2078 1510 2120 K,
1537 2090 1604 2113 om.

77 2138 149 2175 UA
264 2138 406 2184 quidem
427 2151 452 2179 ι,
476 2150 543 2175 om.
562 2152 587 2184 ς
682 2141 706 2175 4
725 2140 878 2175 accessit
902 2139 938 2174 B
1055 2139 1190 2174 accessi
1220 2138 1310 2183 erat]
1345 2140 1548 2174 accesserat
1571 2139 1607 2172 A

77 2201 259 2234 acceserat
285 2198 320 2234 ⁵21
436 2202 472 2233 et
497 2210 565 2234 om.
592 2198 635 2233 K
752 2199 868 2233 sancti
895 2199 929 2244 ef
1059 2198 1209 2233 melanii
1234 2197 1307 2243 Bef
1431 2197 1528 2232 filius
1558 2196 1605 2232 Oc

77 2258 97 2291 5
131 2258 327 2303 puritatem
359 2258 486 2292 horum
520 2257 604 2302 QLA
637 2260 758 2303 (corr.)
893 2258 1114 2293 absterserat
1145 2256 1217 2293 ‘uA
1349 2256 1509 2292 nondum
1535 2255 1607 2292 2121

77 2317 97 2351 6
128 2317 303 2352 rescindit
333 2316 404 2352 §MA
436 2316 566 2352 recidit
600 2316 644 2352 Οι
766 2328 822 2362 ap.
855 2328 943 2352 uoce
975 2319 1088 2352 contr.
1125 2316 1172 2352 Oc
1295 2317 1313 2350 7
1347 2327 1435 2351 uoce
1469 2326 1525 2362 ap.
1556 2315 1607 2352 Βι

77 2376 172 2410 laeto
199 2379 235 2413 (a
260 2378 354 2420 exp.)
379 2375 422 2411 K
515 2376 537 2411 8
562 2375 689 2422 indic.]
717 2376 804 2411 add.
830 2377 921 2412 haec
944 2388 970 2421 ς
1100 2376 1155 2420 ut]
1184 2378 1247 2410 aut
1273 2373 1346 2411 &A
1455 2375 1477 2410 9
1504 2376 1604 2420 ante]

78 2438 198 2470 autem
223 2435 277 2469 Κι
406 2436 444 2470 11
474 2447 718 2480 praesag-unam
750 2435 780 2470 O
804 2438 1080 2481 praesagantem
1109 2435 1150 2470 K
1275 2435 1530 2480 som(p)nianti
1558 2433 1606 2470 Oc

78 2494 241 2529 ascendit
266 2494 309 2529 K
389 2495 525 2540 portat]
551 2506 622 2540 seq.
646 2506 722 2530 ras.
753 2498 775 2530 6
802 2496 872 2532 litt.
897 2496 932 2530 A
997 2495 1039 2530 12
1058 2505 1119 2540 pr.
1145 2495 1224 2540 nec]
1250 2505 1323 2530 non
1347 2494 1398 2530 Βι
1467 2505 1547 2538 *pos
1570 2494 1607 2528 B

81 2554 123 2587 13
149 2556 410 2588 sacramentum
437 2553 481 2588 K
551 2555 595 2588 14
622 2554 771 2589 credant
795 2553 923 2590 QIABc
1002 2566 1090 2590 rom.
1117 2565 1224 2599 quam
1250 2564 1305 2598 gr.
1330 2553 1374 2587 K
1439 2553 1482 2588 15
1507 2563 1606 2588 men-

79 2612 176 2648 dacis
203 2612 275 2648 QIA
395 2613 495 2648 facta
524 2614 705 2650 Oca.c.m2
825 2614 970 2649 saeculo
998 2612 1110 2649 QIKA
1136 2613 1272 2648 saeculi
1297 2616 1360 2648 cet.
1492 2613 1534 2647 16
1560 2611 1607 2646 ad

78 2672 192 2717 prima
216 2671 259 2706 K
280 2673 395 2718 prima
421 2671 493 2708 QIA
569 2673 611 2707 17
640 2672 808 2718 aequales
834 2673 878 2707 K
901 2672 987 2709 add.
1015 2675 1091 2708 erat
1117 2676 1180 2709 cet.
1269 2671 1313 2707 18
1339 2672 1604 2706 circumsonan-

77 2736 150 2765 tem
176 2730 249 2766 QIA
322 2732 546 2776 nauifragam
568 2730 679 2767 QIKA
705 2732 918 2776 naufragam
938 2735 1001 2767 cet.
1080 2742 1204 2776 rupem
1232 2731 1288 2766 cui
1308 2730 1352 2766 K
1422 2741 1548 2775 aspera
1567 2729 1610 2764 K

82 2790 123 2824 19
150 2794 278 2834 gautes
303 2792 338 2825 A
366 2791 458 2825 cutis
484 2790 527 2825 K
603 2801 664 2834 pr.
690 2791 744 2835 et}
769 2791 804 2825 in
831 2790 875 2825 K
942 2790 1090 2826 terroris
1117 2789 1160 2824 K
1222 2789 1268 2824 20
1292 2788 1402 2834 mon]
1430 2788 1521 2823 alius
1548 2788 1606 2822 dei

80 2860 203 2884 seruus
229 2848 302 2885 §JIA
1028 2862 1039 2869 *
