1884 3254
35 1159 69 1186 10

33 1514 66 1541 15

451 262 659 308 Epistula
684 262 817 298 XLVII
842 263 1068 298 2—XLv111
1094 265 1236 308 (XLIX)
1261 265 1282 299 2
1542 269 1624 310 347

99 391 255 432 librum
305 404 400 433 cum
445 404 467 433 a
511 404 636 445 supra
679 391 803 434 dictis
855 393 1102 447 sumpseris,
1148 394 1353 448 quidquid
1398 395 1447 436 de
1491 396 1626 437 indice

102 461 241 503 minus
273 461 482 511 habueris,
501 460 720 516 ‘paulatim
752 462 880 504 scribi
912 463 1079 515 faciam,
1113 464 1149 506 si
1181 465 1382 508 uolueris.

578 601 756 643 XLVIII
787 602 938 655 (XLIX
971 603 1157 656 VALL.).

604 695 680 737 AD
714 696 1117 740 PAMMACHIUM.

160 789 196 830 1.
224 788 450 831 Christiani
474 790 685 832 interdum
712 791 884 844 pudoris
912 794 978 833 est
1009 792 1136 834 etiam
1163 793 1275 846 apud
1302 793 1459 836 amicos
1486 795 1625 836 tacere

97 861 138 900 et
163 858 448 902 humilitatem
475 873 594 902 suam
619 861 756 917 magis
782 862 950 904 silentio
979 863 1183 905 consolari
1211 876 1336 916 quam
1362 863 1624 905 retractando

96 932 261 972 ueteres
282 931 489 973 amicitias
511 932 753 975 ambitionis
780 933 936 975 crimen
962 933 1184 976 incurrere.
1211 933 1411 988 quamdiu
1437 935 1624 983 tacuisti,

96 1000 209 1042 tacui
246 1013 322 1043 nec
363 1003 627 1056 expostulare
665 1015 866 1056 umquam
912 1016 1038 1058 super
1075 1004 1152 1046 hac
1196 1017 1239 1046 re
1279 1004 1411 1055 uolui,
1451 1017 1500 1046 ne
1544 1017 1624 1046 non

95 1072 277 1113 amicum
304 1085 516 1126 quaerere,
538 1074 612 1116 sed
637 1075 915 1128 potentiorem
937 1075 1104 1118 uiderer
1123 1077 1324 1130 expetere.
1345 1088 1454 1117 nunc
1481 1077 1623 1117 autem

93 1146 349 1196 prouocatus
395 1144 531 1186 officio
582 1145 818 1187 litterarum
868 1146 1025 1200 primas
1078 1159 1244 1200 semper
1285 1148 1426 1200 partes
1470 1146 1624 1188 babere

92 1214 308 1267 temptabo
337 1217 378 1257 et
404 1228 484 1257 non
518 1218 604 1258 tam
630 1217 859 1258 rescribere
880 1229 1004 1270 quam
1026 1217 1221 1267 scribere,
1246 1220 1294 1259 ut
1320 1219 1362 1259 et
1387 1217 1623 1260 uerecunde

92 1284 313 1338 hucusque
344 1286 530 1328 tacuisse
563 1289 605 1328 et
636 1287 915 1329 uerecundius
947 1288 1066 1341 loqui
1098 1288 1287 1342 coepisse
1321 1299 1562 1342 cognoscar.

152 1357 191 1398 2.
219 1356 281 1398 De
314 1356 532 1410 opusculis
564 1357 669 1399 meis
704 1359 848 1400 contra
878 1358 1145 1400 Iouinianum
1179 1359 1291 1412 quod
1324 1360 1367 1401 et
1397 1358 1625 1413 prudenter

93 1429 134 1468 et
165 1429 354 1469 amanter
391 1427 540 1469 feceris
580 1429 831 1482 exemplaria
870 1429 1168 1481 subtrahendo,
1208 1430 1367 1483 optime
1404 1430 1516 1471 noui.
1549 1430 1622 1472 sed

91 1492 387 1551 nihil'profuit
418 1498 503 1540 ista
535 1498 766 1554 diligentia,
802 1512 898 1541 cum
938 1499 1143 1552 aliquanti
1182 1513 1229 1541 ex
1267 1500 1371 1542 urbe
1403 1499 1621 1542 uenientes

91 1567 195 1610 mihi
233 1568 379 1610 eadem
415 1569 659 1620 lectitarint,
700 1582 805 1623 quae
845 1583 888 1611 se
926 1570 1083 1612 Romae
1123 1571 1336 1624 excepisse
1375 1571 1622 1613 referebant.

86 1640 133 1680 in
170 1640 247 1681 hac
287 1653 453 1694 quoque
490 1640 708 1694 prouincia
744 1641 828 1682 iam
873 1641 970 1682 libri
1015 1641 1180 1684 fuerant
1224 1642 1435 1697 diuulgati
1481 1644 1536 1693 et,
1575 1643 1624 1682 ut

92 1710 182 1764 ipse
219 1711 379 1766 legisti,
420 1711 598 1753 nescit
636 1724 733 1753 uox
771 1712 937 1754 missa
975 1713 1194 1755 reuerti.
1233 1726 1314 1755 non
1355 1726 1449 1755 sum
1482 1714 1622 1754 tantae

214 1861 256 1895 18
283 1860 409 1895 Horat.
437 1873 465 1898 a.
494 1873 529 1907 p.
555 1862 624 1896 390

141 1978 162 2011 2
190 1977 360 2023 uolueris]
390 1977 476 2013 add.
505 1978 649 2024 explicit
675 1978 719 2013 ad
746 1955 965 2014 desiderium
996 1980 1026 2014 Θ

236 2094 276 2128 Ε
305 2111 349 2124 =
384 2094 598 2131 Veronensis
623 2095 758 2130 XVII.
787 2098 833 2131 15
858 2108 884 2131 s.
918 2096 1009 2131 VII.

235 2154 270 2187 A
305 2170 350 2183 =
376 2154 626 2190 Berolinensz's
652 2155 715 2190 lat.
742 2158 791 2190 17
814 2167 842 2191 s.
868 2156 941 2190 IX.

234 2212 265 2246 J
305 2230 348 2242 Ξ
382 2213 676 2250 Vindobonensis
702 2216 767 2250 lat.
798 2217 875 2250 934
899 2226 927 2250 s.
954 2216 1026 2251 IX.

235 2272 266 2306 Σ
307 2289 351 2301 z
383 2273 592 2310 Turicensis
616 2275 812 2320 Auyiensis
841 2277 884 2309 41
908 2286 937 2309 s.
964 2275 1037 2310 IX.

236 2334 256 2365 ἐξ
307 2348 351 2361 =
378 2332 616 2369 Monacensis
641 2334 706 2368 lat.
737 2336 838 2368 6313
862 2346 890 2369 s.
920 2334 991 2368 JX.

236 2391 275 2425 D
307 2408 350 2420 z
383 2392 588 2428 Vaticanus
613 2393 677 2427 lat.
706 2393 939 2439 355÷356
963 2404 990 2428 s.
1019 2393 1178 2428 IX—X.

141 2508 163 2540 4
189 2505 232 2541 ad
258 2506 521 2552 pammachium
539 2507 636 2543 JZD
656 2508 922 2554 apologeticum
943 2508 1004 2551 (ad
1024 2509 1269 2555 pologeticum
1289 2511 1325 2549 Β)
1349 2509 1508 2545 eiusdem
1537 2520 1621 2554 ope-

94 2566 142 2600 ris
169 2565 214 2600 ad
232 2566 495 2610 pammachium
515 2567 574 2602 Ess
600 2567 879 2613 apollogeticum
905 2570 978 2613 (pr.
999 2567 1013 2602 l
1033 2568 1115 2612 del.)
1143 2567 1189 2603 ad
1207 2568 1446 2614 pamachium.
1467 2568 1620 2614 prefatio

95 2626 148 2667 Λ;
175 2625 389 2670 Hieronymi
412 2637 543 2661 nomen
569 2626 710 2662 exhibet
735 2627 866 2662 titulus
890 2627 931 2662 in
956 2627 995 2662 D
1127 2628 1148 2662 6
1176 2627 1354 2663 consulari
1380 2627 1419 2662 Ε
1520 2627 1539 2662 7
1566 2629 1621 2661 ta-

95 2683 221 2717 cuistis
246 2683 278 2717 J
333 2683 355 2718 8
381 2695 423 2719 ne
450 2695 493 2720 ex
518 2695 582 2719 nec
610 2686 667 2720 Ass
729 2686 750 2720 9
778 2697 985 2731 quaererem
1011 2685 1051 2720 E
1112 2687 1155 2721 10
1181 2685 1261 2721 hab.
1290 2687 1381 2731 part.
1408 2688 1428 2720 ἕ
1481 2685 1521 2720 11
1550 2696 1621 2719 non

21 2787 25 2791 ³
94 2752 122 2776 s.
150 2742 172 2775 l.
200 2742 237 2786 Σ,
265 2752 331 2777 om.
357 2743 384 2777 J
486 2745 587 2789 reso]
615 2744 769 2779 scribere
795 2745 894 2780 Zac.
1017 2745 1060 2780 16
1085 2744 1287 2779 lectitarint
1311 2744 1408 2779 EAs
1434 2746 1533 2779 -rent
1557 2747 1620 2779 cet.

95 2811 195 2835 roma
219 2802 253 2834 A
362 2802 538 2847 recepisse
563 2801 595 2836 J
697 2803 878 2839 referebat
901 2804 998 2839 Σα.σ.
1098 2804 1140 2838 17
1167 2803 1353 2848 prouincia
1377 2803 1448 2838 iam
1473 2813 1517 2838 ex
1541 2814 1621 2848 pro-

97 2859 249 2894 uinciam
278 2859 376 2894 Eme
472 2861 543 2895 iam
569 2871 636 2896 om.
663 2861 721 2897 As
819 2862 963 2897 fuerunt
989 2866 1009 2897 ἕ

1646 1713 1649 1716 ’
1661 1715 1682 1748 2
