1884 3254
199 287 284 330 506
735 280 888 318 Sancti
913 279 1167 326 Hieronymi

198 413 452 467 interrogare
485 422 569 462 eos,
609 409 677 464 qui
709 407 915 451 malitiam
951 405 1216 463 prudentiam
1254 408 1429 449 uocant:
1466 405 1575 449 unde
1613 406 1725 462 apud

199 495 276 526 uos
303 483 511 536 exemplar
536 480 771 535 epistulae?
803 478 898 533 quis
925 477 1068 521 dedit?
1101 489 1184 532 qua
1207 477 1344 520 fronte
1368 477 1579 532 profertis,
1611 478 1725 533 quod

200 554 356 596 scelere
399 550 667 594 redemistis?
711 549 809 604 quid
854 549 967 604 apud
1009 548 1201 591 homines
1245 549 1386 590 tutum
1432 549 1525 600 erit,
1569 548 1608 592 si
1648 561 1726 592 nec

200 622 430 678 parietibus
463 621 632 675 quidem
665 621 708 663 et
738 619 903 663 scriniis
935 621 1078 663 nostra
1107 630 1338 674 possumus
1370 621 1533 662 secreta
1563 619 1724 663 celare?

200 693 236 735 si
267 695 362 734 ante
393 689 619 733 tribunalla
649 689 839 750 iudicum
870 689 950 732 hoc
982 689 1106 732 uobis
1139 688 1296 732 crimen
1325 689 1599 746 inpingerem‚
1629 703 1724 733 reos
1765 700 1786 730 ⁵
1859 686 1861 696 ²

199 762 367 818 legibus
400 761 684 816 subiugarem,
717 770 822 814 quae
854 759 983 802 etiam
1012 772 1085 813 pro
1117 759 1304 802 utilitate
1342 758 1437 803 fisci
1467 760 1724 805 delatoribus

200 844 375 887 poenam
420 832 616 873 statuunt
658 832 713 882 et,
763 842 860 872 cum
904 828 1142 884 suscipiant
1182 829 1478 884 proditionem,
1528 830 1727 875 damnant

143 913 151 923 ⁶
201 902 467 957 proditorem.
497 901 664 942 lucrum
688 899 890 942 uidelicet
918 900 1072 955 placet,
1104 901 1302 943 uoluntas
1328 900 1535 956 displicet.
1566 900 1725 945 dudum

200 971 474 1027 Hesychium,
506 971 646 1013 uirum
678 970 956 1022 consularem,
989 972 1134 1013 contra
1165 983 1287 1025 quem
1313 971 1552 1026 patriarcha
1577 971 1728 1016 Gama-

200 1042 302 1085 lihel
321 1042 594 1098 grauissimas
615 1041 799 1099 exercuit
816 1040 1074 1093 inimicitias,
1089 1041 1353 1085 Theodosius
1373 1042 1568 1097 princeps
1587 1043 1724 1098 capite
1748 1054 1788 1084 10

203 1112 431 1165 damnauit,
477 1111 589 1166 quod
632 1111 861 1154 sollicitato
906 1111 1069 1154 notario
1114 1112 1280 1155 chartas
1325 1111 1442 1155 illius
1483 1112 1728 1157 inuasisset.

201 1184 383 1239 legimus
414 1183 456 1225 in
487 1182 709 1226 ueteribus.
736 1182 926 1225 historiis
951 1182 1044 1225 ludi
1067 1183 1335 1238 magistrum,
1369 1183 1440 1237 qui
1464 1183 1727 1227 Faliscorum

200 1255 356 1296 liberos
386 1253 639 1307 prodiderat,
676 1253 869 1296 uinctum
905 1253 1047 1307 pueris
1086 1253 1288 1296 traditum
1328 1255 1372 1296 et
1407 1253 1460 1295 ad
1497 1266 1583 1306 eos,
1621 1267 1726 1308 quos

201 1324 414 1379 prodebat,
446 1323 672 1366 remissum
703 1335 779 1366 nec
811 1324 1058 1366 sceleratam
1088 1323 1293 1379 populum
1319 1324 1556 1367 Romanum
1586 1337 1728 1385 susce-

203 1395 316 1449 pisse
353 1394 589 1437 uictoriam.
628 1394 820 1449 Pyrrum,
847 1394 1127 1448 <Epirotarum
1163 1407 1321 1450 regem,
1360 1407 1458 1437 cum
1493 1395 1536 1437 in
1575 1394 1726 1438 castris
1750 1407 1787 1438 15

204 1479 251 1508 ex
276 1465 449 1507 uulnere
476 1466 703 1517 curaretur,
729 1464 882 1507 medici
908 1465 976 1507 sui
999 1464 1237 1518 proditione
1261 1464 1441 1508 interfici
1458 1466 1582 1527 *nefas
1608 1466 1727 1509 duxit

205 1536 435 1586 Fabricius,
468 1536 566 1589 quin
593 1535 736 1590 potius
762 1536 953 1578 uinctum
979 1535 1145 1578 remisit
1170 1535 1222 1578 ad
1248 1536 1480 1589 dominum,
1511 1539 1561 1580 ut
1584 1537 1725 1580 scelus

203 1619 278 1649 nec
303 1606 344 1648 in
373 1606 611 1649 aduersario
635 1607 921 1662 conprobaret.
947 1606 1059 1661 quod
1077 1607 1196 1662 leges
1214 1607 1424 1661 publicae,
1451 1607 1563 1661 quod
1580 1608 1725 1651 hostes

204 1679 389 1727 tuentur,
430 1677 540 1731 quod
571 1678 679 1720 inter
714 1677 826 1720 bella
862 1679 904 1720 01
940 1677 1103 1733 gladios
1142 1679 1335 1720 sanctum
1373 1679 1451 1730 est,
1488 1677 1568 1720 hoc
1605 1678 1726 1721 nobis

204 1747 312 1789 inter
347 1748 574 1790 monachos
612 1750 654 1790 et
691 1747 928 1790 sacerdotes
967 1746 1124 1790 Christi
1160 1748 1348 1790 intutum
1385 1748 1477 1791 fuit.
1497 1799 1500 1801 ,
1522 1750 1566 1790 et
1601 1748 1728 1791 audet
1749 1761 1788 1790 so

326 1920 368 1954 12
400 1919 443 1955 cf.
469 1919 595 1955 Liuius
620 1919 650 1954 V
676 1921 733 1961 27,
762 1920 852 1955 1-9
927 1920 971 1955 15
998 1919 1042 1955 cf.
1068 1919 1195 1955 Liuius
1218 1919 1310 1955 XIII
1335 1919 1504 1965 periocha
1529 1922 1597 1956 010.

257 2036 272 2070 1
301 2037 567 2081 interr.-uoc.]
588 2037 628 2071 in
646 2047 713 2082 my.
730 2037 764 2072 Σ
777 2036 897 2072 dicant
913 2037 947 2072 Ω
995 2037 1016 2071 2
1037 2036 1146 2082 quod]
1175 2047 1264 2082 quos
1283 2034 1323 2071 D
1349 2046 1418 2080 quo
1445 2035 1476 2071 S
1521 2036 1543 2071 3
1562 2036 1686 2072 rodim.
1704 2046 1730 2072 u

208 2094 393 2129 dimisistis
419 2094 449 2130 S
530 2097 647 2130 totum
678 2095 729 2130 W
810 2096 892 2140 erit]
921 2097 977 2130 est
1005 2094 1058 2130 W
1135 2106 1182 2130 110
1212 2094 1264 2130 Ψ
1330 2095 1354 2129 4
1378 2095 1518 2140 nostra]
1546 2095 1632 2132 add.
1657 2106 1727 2130 non

207 2163 233 2187 s.
263 2153 284 2189 l.
310 2153 405 2187 m2Z'
497 2154 563 2189 cel.
587 2154 675 2189 secr.
701 2153 731 2189 S
801 2155 822 2189 5
847 2154 950 2189 uobis
973 2166 1004 2190 3.
1031 2154 1054 2191 Ζ.
1081 2154 1120 2196 Σ,
1146 2165 1213 2191 om.
1240 2154 1274 2189 Ω
1370 2165 1452 2189 reus
1476 2153 1529 2189 W
1595 2155 1618 2190 6
1643 2154 1728 2190 suh-

208 2212 356 2246 iacerem
378 2212 429 2246 W
491 2223 558 2257 que
577 2213 720 2258 unia
733 2212 764 2249 S
827 2213 1050 2249 utilitatibus
1069 2213 1121 2249 W
1183 2213 1293 2249 delat.
1307 2213 1513 2248 uWnoxiis
1531 2214 1675 2257 (nesciis
1688 2213 1730 2258 S)

210 2269 318 2305 delat.
345 2274 406 2306 cet.
433 2272 543 2306 uariis
570 2271 676 2307 delet.
701 2284 726 2317 g
846 2273 865 2307 7
892 2284 1026 2318 poenas
1054 2275 1177 2319 (penas
1203 2271 1245 2317 S)
1270 2271 1404 2308 QZDS
1538 2274 1681 2308 struunt
1704 2282 1730 2308 11

209 2329 230 2363 8
257 2329 424 2375 uoluptas
450 2329 480 2365 S
503 2333 540 2365 01
565 2331 732 2367 uoluntas
763 2332 815 2367 W
906 2332 928 2367 9
953 2332 1099 2378 hesych.
1123 2343 1150 2368 u
1175 2332 1293 2378 esych.
1320 2332 1360 2367 D
1386 2331 1496 2369 esich.
1521 2332 1554 2367 Σ
1573 2332 1615 2377 (11
1641 2331 1730 2367 aad.

210 2388 297 2432 ΜΕ),
322 2388 358 2422 Β
384 2388 422 2431 (11
448 2388 516 2423 del.
541 2391 616 2435 m2)
642 2393 679 2424 et
703 2390 791 2425 sich.
822 2390 872 2426 W
894 2391 1023 2426 escich.
1050 2390 1082 2426 S
1104 2391 1187 2426 esic.
1212 2392 1246 2426 Ω
1330 2390 1548 2426 consolarem
1574 2390 1730 2435 ῬΚΣΜ.

212 2447 472 2481 consolatorem
497 2448 667 2483 Ba.c.m2
763 2461 830 2494 que
862 2450 914 2485 W
1004 2449 1174 2495 gamaliel
1200 2449 1268 2485 RS
1351 2448 1396 2484 10
1420 2449 1652 2495 grauissimus
1681 2448 1735 2485 W

211 2504 334 2540 theud.
360 2505 545 2550 ΩΣα.0.,Β
569 2506 668 2542 teud.
700 2507 750 2542 W
819 2508 860 2543 11
889 2508 1072 2544 solicitato
1106 2507 1155 2543 W
1265 2508 1410 2544 chartas
1435 2507 1501 2544 uD
1525 2509 1641 2543 cartas
1665 2512 1729 2544 001.

212 2564 425 2599 inuassisset
443 2574 467 2599 u
520 2565 562 2599 12
587 2565 722 2611 hyster.
749 2567 782 2601 Σ
800 2569 911 2612 ystor.
937 2567 967 2602 S
990 2570 1075 2604 stor.
1102 2568 1136 2603 Ω
1158 2567 1195 2602 111
1221 2567 1323 2602 istor.
1354 2566 1407 2602 W
1473 2567 1686 2603 falescorum
1704 2577 1730 2603 ιι

212 2622 414 2658 faliscarum
446 2623 494 2659 W
516 2623 749 2669 salisquorum
776 2626 808 2661 Σ
872 2627 915 2662 13
940 2627 1072 2662 liberos
1097 2626 1134 2661 B
1157 2626 1270 2662 libros
1297 2626 1413 2672 (libris
1432 2626 1487 2669 D)
1512 2629 1574 2662 cet.
1648 2636 1730 2671 pro-

215 2681 357 2717 dedirat
381 2682 516 2718 nictum
548 2682 599 2718 W
740 2685 783 2719 14
808 2685 1019 2720 sceleratum
1046 2685 1202 2721 ΩΨΣΒ
1356 2685 1549 2731 suscipisse
1571 2684 1731 2730 u,Wa.c.

214 2741 257 2776 15
289 2742 374 2786 pirr.
401 2741 430 2777 S
457 2741 574 2787 pyrrh.
607 2753 650 2777 ex
681 2742 781 2788 pyrh.
813 2742 864 2778 W
890 2745 1007 2789 pyrrh.
1032 2755 1058 2789 g
1201 2743 1354 2789 epiroth.
1380 2754 1406 2779 u
1432 2746 1566 2790 epyrot.
1591 2742 1730 2779 ΩΣΒΒ

216 2800 257 2835 16
283 2799 318 2834 in
344 2799 474 2835 medici
499 2801 535 2835 B
643 2800 884 2846 proditionem
909 2803 1050 2837 Qa.r.B
1136 2803 1179 2839 18
1203 2803 1240 2837 in
1265 2813 1334 2839 om.
1365 2801 1418 2837 W
1492 2802 1535 2837 19
1558 2801 1655 2837 intra
1684 2799 1735 2837 W

215 2861 250 2891 et
274 2868 301 2892 s.
330 2858 351 2893 l.
378 2868 401 2893 1(
498 2858 640 2904 gladius
666 2860 879 2895 ua.‹2.m2W
970 2862 1038 2897 hoc
1062 2872 1090 2897 s.
1118 2862 1141 2898 l.
1168 2862 1207 2905 Σ,
1234 2872 1300 2897 om.
1327 2862 1360 2896 Ω
