1884 3254
632 223 837 269 Epistula
860 223 1009 258 XXXVI
1037 223 1176 259 15—16
1576 227 1663 269 283

140 355 183 395 et
214 366 332 395 suam
363 353 499 407 magis
527 365 652 407 quam
678 352 745 395 dei
771 352 907 395 facere
934 353 1211 397 uoluntatem.
1241 365 1338 408 ergo
1364 356 1468 407 puto
1497 354 1664 397 diuinae

140 423 466 478 dispensationis
489 424 639 475 fuisse,
665 425 714 466 ut
740 423 874 466 oculis
901 425 1140 466 caecaretur
1167 425 1220 475 et,
1247 436 1342 466 cum
1369 426 1459 478 ipse
1487 423 1661 467 diceret:

138 507 231 538 uox
269 507 361 536 uox
397 494 560 544 Iacob,
600 507 772 536 manus
813 496 976 536 autem
1014 507 1185 537 manus
1224 495 1369 547 Esau,
1408 497 1549 538 tamen
1581 508 1662 538 non

137 565 401 621 intellegeret
431 565 636 608 minorem
668 577 760 608 esse
793 565 940 615 filium,
975 566 1045 620 qui
1077 565 1130 608 ad
1160 565 1496 608 benedictionem
1521 566 1664 608 fratris

95 649 113 678 ⁵
137 638 378 690 praereptor
408 635 643 678 adstiterat.

198 707 265 749 16.
293 705 499 758 Quoniam
528 709 668 749 autem
694 706 875 761 polliciti
908 719 1056 750 sumus
1089 709 1131 749 et
1163 707 1213 749 de
1245 719 1308 759 eo,
1335 707 1437 761 quid
1462 707 1502 749 in
1530 707 1664 764 figura

136 777 405 832 significaret,
438 777 678 832 adiungere,
716 778 938 833 Hippolyti
981 779 1176 834 martyris
1215 779 1345 821 uerba
1382 791 1601 833 ponemus,
1640 791 1664 820 a

136 861 216 903 quo
256 851 298 890 et
334 847 580 890 Victorinus
618 850 761 891 noster
797 861 879 891 non
917 849 1148 903 plurimum
1193 849 1415 904 discrepat,
1454 863 1535 891 non
1579 862 1662 904 quo

136 919 276 962 omnia
305 919 471 973 plenius
504 922 727 962 exsecutus
760 920 830 972 sit,
864 919 939 962 sed
970 933 1051 974 quo
1082 920 1221 974 possit
1252 920 1514 963 occasionem
1546 932 1663 974 prae-

75 1003 112 1033 ιο
133 990 231 1033 bere
250 990 399 1033 lectori
424 990 474 1032 ad
500 990 834 1046 intellegentiam
859 991 1074 1034 latiorem:
1100 991 1245 1034 “Isaac
1270 992 1411 1046 portat
1434 991 1663 1046 imaginem

136 1061 203 1104 dei
234 1061 379 1115 patris,
406 1061 597 1104 Rebecca
628 1061 802 1117 spiritus
836 1062 985 1115 sancti,
1011 1063 1123 1104 Esau
1155 1061 1300 1116 populi
1328 1061 1477 1116 prioris
1510 1064 1552 1104 et
1578 1062 1663 1103 dia-

134 1133 233 1185 boli,
264 1132 389 1175 Iacob
428 1132 631 1175 ecclesiae
664 1133 755 1175 siue
788 1132 959 1176 Christi.
992 1133 1182 1176 senuisse
1213 1134 1334 1176 Isaac
1365 1133 1663 1175 consummati-

135 1216 256 1245 onem
290 1202 403 1245 orbis
436 1203 638 1254 ostendit3
679 1205 823 1246 oculos
860 1204 977 1247 illius
1016 1204 1222 1260 caligasse
1253 1203 1378 1246 fidem
1414 1204 1574 1259 perisse
1612 1204 1663 1247 de

134 1274 289 1316 mundo
317 1275 359 1316 et
383 1273 600 1328 religionis
631 1273 774 1317 lumen
801 1276 895 1317 ante
928 1288 1024 1317 eum
1050 1275 1292 1330 neglectum
1320 1287 1413 1318 esse
1440 1274 1662 1330 significat.

73 1357 110 1387 15
134 1344 247 1399 quod
278 1343 392 1386 filius
423 1345 557 1388 maior
581 1347 773 1397 uocatur,
801 1345 990 1399 acceptio
1021 1345 1130 1401 legis
1163 1348 1230 1388 est
1253 1346 1523 1396 Iudaeorum;
1552 1345 1665 1400 quod

133 1428 251 1458 escas
273 1415 363 1458 eius
390 1418 515 1470 atque
543 1419 759 1470 capturam
788 1417 929 1472 diligit
954 1419 1086 1472 pater,
1106 1417 1298 1460 homines
1326 1420 1424 1460 sunt
1450 1418 1500 1459 ab
1529 1430 1664 1461 errore

132 1487 299 1538 saluati,
327 1500 431 1541 quos
458 1500 532 1542 per
563 1487 795 1530 doctrinam
826 1488 967 1530 iustus
1001 1488 1180 1542 quisque
1213 1490 1402 1531 uenatur.
1434 1501 1569 1531 sermo
1598 1489 1663 1531 dei

130 1557 434 1600 benedictionis
466 1559 534 1600 est
564 1558 832 1613 repromissio
867 1560 909 1601 et
933 1572 1030 1614 spes
1062 1559 1179 1615 regni
1202 1559 1350 1611 futuri,
1375 1559 1417 1602 in
1451 1572 1532 1613 quo
1565 1572 1662 1601 cum

132 1628 299 1672 Christo
320 1629 454 1671 sancti
473 1629 687 1685 regnaturi
708 1633 808 1672 sunt
828 1632 869 1672 et
887 1642 1036 1672 uerum
1058 1630 1281 1673 sabbatum
1303 1630 1565 1673 celebraturi.
1584 1631 1662 1672 Re-

71 1713 108 1743 20
129 1701 259 1743 becca
277 1700 400 1753 plena
413 1700 564 1755 spiritu
578 1702 723 1743 sancto
740 1702 782 1742 et
795 1701 945 1752 sciens,
961 1701 1062 1755 quid
1076 1701 1280 1752 audisset,
1302 1703 1524 1755 antequam
1547 1714 1664 1756 pare-

130 1775 207 1823 ret,
223 1772 320 1825 quia
340 1771 497 1813 maior
522 1771 715 1814 seruiet
739 1772 933 1823 minori,
956 1797 1012 1803 --
1032 1772 1168 1828 magis
1185 1775 1324 1814 autem
1339 1771 1473 1814 forma
1487 1773 1662 1828 spiritus

132 1842 279 1891 sancti,
303 1855 408 1896 quae
429 1843 572 1884 futura
597 1845 716 1885 norat
740 1843 783 1885 in
805 1842 987 1895 Christo,
1015 1843 1056 1886 in
1082 1843 1208 1886 Iacob
1236 1845 1330 1886 ante
1358 1843 1586 1886 meditatur
1605 1869 1662 1875 —

250 1970 272 2003 2
299 1968 457 2006 cf.,Gen.
485 1970 542 2014 27,
571 1970 587 2004 1
644 2018 652 2026 .
687 1970 709 2004 3
734 1968 846 2005 *Gen.
872 1970 929 2014 27,
955 1970 1002 2005 22
1077 1969 1122 2005 12
1149 1969 1195 2006 cf.
1223 1969 1314 2008 Gen.
1343 1970 1400 2015 27,
1428 1971 1444 2006 1
1547 1971 1590 2007 13
1617 1970 1662 2006 cf.

132 2029 222 2066 Gen.
249 2029 306 2074 27,
335 2029 350 2063 1
407 2028 449 2063 15
468 2028 512 2063 cf.
535 2027 626 2064 Gen.
645 2028 703 2073 27,
727 2029 743 2063 1
798 2029 842 2064 16
863 2029 907 2064 cf.
935 2027 1026 2066 Gen.
1054 2029 1113 2074 25,
1139 2029 1184 2064 28
1234 2029 1277 2064 17
1306 2029 1349 2065 cf.
1377 2028 1464 2065 Gen.
1491 2029 1549 2074 27,
1569 2030 1664 2065 2—4

134 2089 178 2124 18
205 2087 249 2124 cf.
275 2087 385 2133 Apoc.
414 2087 471 2132 20,
498 2088 519 2123 6
594 2088 636 2122 21
667 2086 754 2123 Gen.
782 2088 839 2133 25,
865 2088 910 2123 23

182 2171 199 2206 1
228 2171 350 2216 quam]
376 2181 443 2216 qu*
467 2173 507 2215 (s.
534 2181 608 2206 ras.
637 2175 658 2205 a
683 2172 761 2215 ⁷122)
787 2177 820 2207 m
847 2181 938 2216 quae
958 2181 979 2216 q
1054 2182 1140 2216 ergo
1165 2171 1296 2216 scripsi
1321 2182 1388 2216 ego
1409 2170 1512 2206 codd.
1565 2171 1586 2206 3
1600 2182 1662 2217 pr.

133 2230 214 2276 uox]
229 2241 298 2265 uox
310 2229 399 2266 haec
412 2230 446 2265 Ω
458 2241 526 2265 uox
541 2229 687 2275 quidem
700 2230 736 2264 Β
807 2230 910 2265 iacob
933 2233 988 2265 est
1000 2229 1077 2265 AD
1096 2232 1152 2266 est
1169 2230 1272 2266 iacob
1285 2230 1323 2265 B
1369 2230 1393 2265 4
1414 2229 1502 2267 ads.
1515 2231 1538 2267 1.
1553 2234 1615 2267 m2
1627 2231 1663 2266 B

133 2289 416 2324 benedicendum
436 2289 476 2324 D
541 2289 656 2335 patris
669 2290 703 2324 Ω
751 2290 772 2324 6
793 2288 895 2335 quid]
918 2289 980 2335 qui
998 2289 1103 2325 Aac
1125 2288 1221 2335 quod
1238 2289 1276 2324 B
1341 2290 1433 2336 sign.
1451 2290 1489 2326 in
1508 2290 1567 2336 fig.
1587 2290 1666 2326 AD

135 2347 154 2382 7
182 2347 390 2392 adiungere]
415 2357 443 2382 ε.
464 2347 489 2382 Ζ.
515 2346 603 2382 add.
622 2347 640 2382 l
659 2348 719 2390 (=
741 2347 812 2391 uel)
833 2347 933 2382 Bm2
951 2347 1164 2393 adiungeret
1178 2348 1212 2383 Ω
1283 2348 1452 2394 hippoliti
1472 2348 1506 2383 A
1525 2348 1662 2395 hyppo-

133 2406 202 2452 lyti
227 2406 266 2441 D
290 2406 471 2452 hyppoliti
491 2406 525 2442 Ω
548 2406 705 2452 hypoliti
726 2412 783 2452 inq
807 2406 964 2452 yppoliti
982 2409 1026 2450 (s.
1048 2407 1070 2444 l.
1092 2407 1177 2444 add.
1198 2409 1262 2442 ΜΞ
1281 2407 1463 2458 antioceni
1489 2410 1526 2443 et
1549 2408 1664 2454 patri-

135 2465 256 2508 arche)
277 2465 313 2499 Β
408 2465 572 2510 ponimus
591 2465 625 2501 Ω
649 2476 823 2511 ponamus
847 2466 961 2502 ADB
1049 2466 1071 2502 8
1098 2467 1148 2512 et]
1176 2466 1210 2501 ei
1233 2465 1310 2501 AD
1406 2467 1491 2512 quo]
1519 2466 1616 2513 quod
1639 2477 1664 2511 g

134 2524 156 2559 9
176 2525 259 2570 quo]
286 2523 381 2570 quod
399 2535 424 2569 g
473 2524 518 2560 10
542 2524 712 2560 laciorem
737 2524 838 2570 (add.
866 2523 910 2560 de
935 2525 1047 2569 isaac)
1069 2531 1101 2562 tn
1154 2526 1195 2560 11
1223 2525 1354 2571 spiritu
1380 2531 1438 2571 inq
1511 2525 1621 2571 priori
1641 2535 1662 2570 q

135 2583 254 2620 zabuli
279 2583 313 2618 Ω
375 2583 418 2618 13
444 2584 567 2619 oculus
593 2594 614 2629 q
640 2583 752 2619 oculis
777 2583 813 2619 A
884 2583 985 2620 illius
1010 2595 1077 2621 om.
1103 2583 1181 2619 AD
1249 2585 1291 2620 15
1311 2595 1371 2630 pr.
1399 2584 1508 2630 quod]
1535 2594 1603 2629 que
1630 2590 1663 2619 m

136 2642 201 2678 alt.
223 2642 333 2689 quod]
355 2653 446 2688 quae
467 2649 499 2679 m
551 2643 595 2678 16
614 2643 769 2678 hominis
790 2650 823 2680 m
875 2643 916 2679 17
937 2645 1089 2679 uenator
1102 2644 1135 2679 Ω
1153 2644 1320 2679 ueniatur
1339 2654 1359 2689 q
1412 2644 1455 2679 18
1474 2643 1664 2689 promissio

138 2701 240 2737 esta
289 2701 332 2737 19
358 2704 444 2737 sunt
469 2712 568 2747 regn.
594 2701 671 2738 AD
724 2701 770 2738 20
797 2705 834 2738 et
858 2713 926 2738 om.
954 2708 1011 2748 tuq
1085 2702 1188 2748 quid]
1216 2701 1312 2748 quod
1339 2709 1372 2738 m
1446 2703 1602 2746 anteque
1629 2707 1663 2737 m

137 2760 180 2795 21
199 2761 333 2796 seruiet
346 2761 452 2806 (etin
466 2771 539 2798 ras.
552 2763 629 2804 m2)
644 2761 680 2796 Β
694 2761 847 2797 seruiret
861 2768 918 2807 tuq
980 2762 1096 2797 forma
1108 2762 1217 2798 om..Q
1271 2761 1399 2807 spiritu
1415 2767 1447 2797 m
1497 2760 1543 2795 22
1557 2760 1662 2806 quae]

139 2823 161 2864 q
181 2829 202 2864 q
263 2821 415 2854 nouerat
427 2809 513 2864 A,B
532 2821 616 2862 (nou
637 2820 734 2865 exp.)
796 2820 974 2856 mediator
992 2820 1160 2856 Aa.c.m2
1180 2819 1424 2855 meditabatur
1443 2819 1503 2863 (ba
1522 2819 1664 2864 exp.)B
