1884 3254
261 259 346 301 344
800 254 952 291 Sancti
979 252 1236 298 Hieronymi

258 386 418 437 luncas‚
445 385 486 426 in
513 384 666 439 quibus
699 382 1002 438 persecutionis
1035 384 1076 423 et
1107 381 1231 424 famis
1262 384 1450 436 tempore
1481 381 1780 437 prophetarum

259 456 428 512 agmina
466 457 563 497 sunt
600 453 787 495 nutrita?
824 451 982 493 ibimus
1020 451 1072 494 ad
1108 451 1315 494 Nazareth
1353 454 1395 494 et
1430 452 1546 495 iuxta
1581 453 1779 508 interpre-

259 527 459 568 tationem
494 525 673 566 nominis
707 523 797 565 eius
830 522 1004 565 ‘florem'
1031 522 1272 565 uidebimus
1300 522 1524 567 Galilaeae.
1548 523 1660 566 haud
1686 537 1776 579 pro-

260 597 328 638 cul
360 595 454 636 inde
489 597 679 636 cernetur
712 593 836 646 Cana,
868 593 909 635 in
943 605 1026 647 qua
1057 605 1190 647 aquae
1219 592 1260 634 in
1299 593 1447 635 uinum
1485 606 1630 636 uersae
1669 596 1780 636 sunt.

259 679 481 721 pergemus
515 665 566 706 ad
597 664 829 719 Itabyrium
863 665 905 705 et
941 662 993 705 ad
1029 663 1297 706 tabernacula
1334 664 1572 715 saluatoris,
1604 677 1699 716 non,
1731 667 1781 707 ut
1822 677 1845 707 5

258 738 407 779 Petrus
428 735 636 789 quondam
656 734 807 784 uoluit,
821 734 962 788 <eum>
982 746 1079 776 cum
1090 734 1229 788 Moysi
1249 736 1292 776 et
1302 734 1439 785 Helia,
1455 734 1529 776 sed
1549 747 1643 776 cum
1663 737 1780 788 patre

259 819 475 849 cernemus
502 807 544 847 et
569 804 720 859 spiritu
746 806 902 846 sancto.
927 804 1022 846 inde
1048 804 1100 846 ad
1121 817 1233 847 mare
1252 805 1472 847 ueniemus
1494 804 1778 848 Gennesareth

259 880 301 919 et
326 878 375 919 de
402 877 584 930 quinque
612 878 654 918 et
679 877 841 929 septem
866 875 1045 929 panibus
1072 875 1312 918 uidebimus
1336 876 1379 918 in
1405 875 1569 919 deserto
1596 875 1780 930 quinque

259 951 300 990 et
325 949 523 1002 quattuor
547 946 665 988 milia
688 946 908 988 hominum
940 948 1140 989 saturata.
1166 946 1384 1001 apparebit
1416 946 1617 1000 oppidum
1641 946 1779 997 Naim,

257 1019 297 1060 in
325 1018 444 1060 cuius
471 1017 602 1071 portis
630 1016 782 1059 uiduae
808 1016 922 1059 filius
949 1016 1180 1059 suscitatus
1207 1018 1285 1059 est.
1310 1017 1527 1059 uidebitur
1549 1017 1777 1060 Hermonin
1802 1022 1844 1053 10

259 1092 300 1131 et
337 1094 496 1131 torrens
534 1088 686 1139 Endor‚
724 1087 767 1129 in
806 1100 887 1142 quo
927 1089 1150 1142 superatus
1189 1089 1255 1130 est
1291 1087 1444 1130 Sisara,
1489 1087 1779 1143 Capharnaum

259 1171 423 1214 quoque
446 1159 663 1213 signorum
685 1158 843 1200 domini
862 1159 1096 1207 familiaris,
1110 1159 1184 1201 sed
1205 1161 1247 1201 et
1268 1158 1403 1201 omnis
1421 1160 1577 1214 pariter
1591 1159 1780 1202 Galilaea

259 1231 461 1272 cernetur.
494 1231 609 1281 tunc,
643 1228 869 1271 comitante
903 1228 1070 1271 Christo
1109 1241 1205 1271 cum
1242 1242 1317 1284 per
1347 1228 1444 1271 Selo
1477 1231 1520 1272 et
1549 1229 1701 1272 Bethel
1738 1231 1782 1272 et

259 1303 397 1342 cetera
432 1299 537 1351 loca,
573 1300 615 1341 in
655 1299 808 1352 quibus
848 1299 1049 1342 ecclesiae
1093 1300 1214 1353 quasi
1259 1300 1464 1354 quaedam
1506 1300 1779 1342 uictoriarum

258 1371 413 1413 domini
445 1374 546 1412 sunt
577 1372 715 1413 erecta
743 1370 910 1422 uexilla,
945 1359 995 1413 ad
1026 1373 1212 1413 nostram
1245 1368 1485 1425 speluncam
1517 1371 1779 1422 redierimus,
1803 1373 1844 1407 15

259 1455 454 1484 canemus
498 1441 669 1497 iugiter,
714 1442 858 1484 crebro
902 1442 1112 1494 flebimus,
1155 1442 1439 1484 indesinenter
1467 1443 1695 1495 ,orabimus
1739 1444 1782 1485 et

258 1514 502 1555 uulneratae
545 1513 684 1555 iaculo
724 1512 949 1574 saluatoris
988 1513 1027 1555 in
1067 1526 1288 1555 commune
1327 1513 1536 1557 dicemus:
1581 1514 1780 1563 inueni,

259 1597 408 1638 quem
445 1584 741 1637 'quaesiuit
784 1584 957 1626 anima
1000 1596 1127 1626 mea:
1179 1585 1372 1627 tenebo
1418 1597 1530 1626 eum
1583 1586 1634 1626 et
1682 1596 1780 1627 non

259 1655 529 1697 dimittam
562 1654 731 1696 illum.
874 1658 876 1660 '

376 1794 398 1827 4
425 1793 470 1828 cf.
495 1792 572 1828 Ioh.
600 1793 633 1835 2,
663 1794 777 1828 1—10
875 1796 896 1829 5
923 1793 966 1828 cf.
993 1794 1124 1829 Matth.
1153 1794 1208 1838 17,
1233 1795 1256 1829 4
1283 1796 1349 1830 etc.
1447 1794 1466 1828 7
1494 1793 1538 1829 cf.
1564 1793 1695 1830 Matth.
1725 1794 1783 1835 14,

263 1853 409 1888 15—21.
440 1853 493 1894 15,
520 1853 661 1888 32—38
690 1855 757 1888 etc.
878 1853 899 1888 9
928 1853 970 1888 cf.
997 1853 1084 1889 Luc.
1111 1854 1142 1898 7,
1173 1853 1309 1888 11—17
1433 1853 1477 1888 10
1503 1853 1547 1888 cf.
1572 1852 1677 1888 Iudd.
1703 1864 1732 1888 c.
1758 1854 1779 1888 4

261 1912 300 1945 11
330 1911 373 1946 cf.
398 1911 530 1948 Mam,
556 1913 589 1955 4,
618 1912 662 1946 13
688 1914 756 1947 etc.
833 1913 874 1947 17
893 1911 1025 1947 *Canta
1052 1912 1085 1956 3,
1110 1914 1133 1946 4

306 1993 327 2026 2
352 1994 448 2028 iusta
478 1993 510 2028 G
596 1994 617 2028 3
643 1994 731 2028 haut
757 1994 859 2029 codd.
944 1995 967 2029 4
993 1995 1151 2029 cernitur
1175 1994 1252 2029 ΚΒ
1348 1995 1507 2030 cauaban
1532 1994 1569 2028 Β
1653 1995 1675 2029 5
1699 2005 1783 2039 per-

260 2053 376 2096 gimus
401 2052 478 2086 KB
598 2053 819 2101 hitabyrium
845 2053 889 2088 K
910 2053 1104 2088 itabarium
1130 2054 1165 2087 Β
1267 2053 1312 2088 ad
1339 2064 1405 2089 om.
1431 2054 1467 2087 Β
1563 2053 1780 2087 saluatorem

259 2111 502 2157 Enyelbrecht
569 2112 589 2146 6
617 2112 764 2158 quond.]
794 2112 936 2157 quando
956 2112 992 2146 Β
1066 2123 1146 2147 611111
1173 2112 1315 2154 addidi,
1341 2123 1408 2148 οηι.
1435 2112 1538 2147 codd.
1611 2111 1724 2157 moysi
1741 2111 1787 2145 K

258 2182 356 2205 mose
386 2171 456 2206 GB
481 2182 602 2216 moyse
627 2183 651 2216 g
748 2172 812 2206 alt.
840 2182 919 2206 cum
945 2182 1012 2207 om.
1038 2172 1075 2206 Β
1148 2173 1166 2206 7
1195 2172 1371 2207 cernimus
1389 2172 1466 2206 ΚΒ
1560 2171 1724 2206 uenimus
1747 2169 1782 2206 G

260 2240 405 2273 gennes.
432 2230 475 2264 K
496 2241 618 2275 geues,
645 2231 679 2264 Β
705 2242 869 2276 genness.
900 2230 933 2265 G
959 2241 1081 2275 genez.
1105 2243 1130 2275 g
1185 2231 1205 2265 9
1231 2230 1326 2266 hom.
1352 2231 1427 2265 mil.
1456 2230 1490 2266 G
1568 2229 1719 2265 saturari
1745 2229 1785 2264 Β

260 2299 364 2334 naym
391 2289 426 2323 Β
549 2290 591 2325 10
619 2291 723 2334 porta
746 2301 770 2334 g
914 2289 1034 2325 uideb.
1062 2297 1099 2325 et
1121 2301 1146 2335 g
1290 2290 1448 2325 ermonin
1475 2290 1510 2324 Β
1533 2289 1734 2324 hermonim
1757 2299 1785 2333 g

262 2348 302 2381 11
332 2347 464 2381 aendor
493 2348 524 2382 G
624 2348 826 2383 cafarnaum
854 2348 898 2382 K
968 2349 1012 2383 12
1038 2348 1211 2383 familiam
1241 2348 1274 2383 G
1299 2347 1476 2383 familiare
1500 2359 1524 2393 g
1656 2348 1719 2383 sed
1744 2349 1782 2382 et

260 2408 319 2450 (ex
345 2408 414 2451 set)
443 2406 476 2440 G
503 2409 539 2441 et
563 2406 639 2442 ΚΒ
735 2407 907 2453 gallilaea
927 2408 1010 2452 (alt.
1039 2419 1059 2442 a
1081 2419 1110 2443 s.
1137 2409 1175 2451 l.)
1200 2408 1243 2442 K
1297 2408 1340 2442 13
1366 2408 1523 2442 cernitur
1545 2407 1590 2442 K
1681 2409 1784 2454 tunc]

261 2476 338 2500 cum
364 2465 407 2499 K
431 2468 466 2500 et
491 2468 578 2501 tunc
602 2478 625 2510 g
734 2467 808 2502 selo
839 2466 917 2502 GK
941 2469 999 2511 (es.
1025 2467 1153 2511 LXX)
1179 2467 1295 2502 seloth
1321 2467 1358 2501 B
1383 2467 1448 2502 silo
1473 2478 1498 2511 g
1620 2466 1720 2502 betel
1745 2467 1786 2502 B

262 2523 304 2558 16
330 2523 493 2558 fleuimus
523 2524 555 2559 G
635 2525 815 2560 orauimus
844 2525 878 2560 G
940 2530 976 2560 et
1002 2536 1068 2561 om.
1094 2527 1130 2560 B
1198 2527 1239 2560 17
1266 2526 1469 2562 inuenimus
1493 2526 1529 2560 B
1603 2526 1646 2561 18
1673 2537 1780 2570 quae-

261 2583 323 2617 siit
347 2583 456 2618 Ka.c.
556 2585 598 2618 19
624 2585 741 2629 illum]
770 2584 855 2620 add.
884 2583 1031 2631 explicit
1057 2585 1184 2631 paulae
1211 2588 1248 2620 et
1273 2585 1479 2620 eusthociae
1507 2585 1551 2620 ad
1576 2585 1782 2620 marcellam

262 2641 541 2677 exhortatoriam
568 2644 644 2687 (sic)
671 2643 714 2678 de
738 2643 827 2678 locis
855 2643 987 2679 sanctis
1015 2643 1055 2677 K

1876 2132 1884 2387 1

1867 2489 1884 3254 i
