1884 3254
251 242 333 285 100
789 236 941 273 Sancti
967 236 1218 280 Hieronymi

188 376 209 410 5
247 380 370 422 quem
403 366 531 409 etiam
562 365 603 407 in
637 364 855 407 duodecim
887 363 1097 417 lapidibus
1129 362 1381 405 inuenimus.
1409 362 1501 404 siue
1525 361 1658 418 igitur
1682 363 1764 406 cal-

247 438 389 480 culum
422 436 512 478 siue
545 434 846 477 carbunculum
878 432 1058 487 lapidem
1093 430 1338 497 accipimus,
1368 432 1411 473 in
1443 432 1604 474 calculo
1631 432 1765 475 diuini

247 506 449 550 sermonis
488 505 645 547 ueritas
684 506 727 546 et
761 504 887 559 rigor,
924 503 966 545 in
1012 502 1263 544 carbunculo
1302 503 1446 544 lucens
1491 502 1680 545 doctrina
1721 505 1766 546 et
1813 536 1815 538 -

246 576 756 623 manifestamonstratur;
773 573 992 627 eloquia
1011 573 1121 615 enim
1142 572 1344 615 domini
1364 573 1579 627 eloquia
1598 574 1762 624 casta,

248 647 523 700 argentum
563 645 685 698 igne
724 643 1006 697 probatum
1045 645 1235 693 terrae,
1267 644 1555 697 purgatum
1588 645 1763 698 septu·
1803 655 1823 683 5

245 716 387 770 plum
435 719 477 756 et
520 714 638 756 alibi:
678 713 983 755 mandatum
1023 711 1223 754 domini
1259 712 1516 763 lucidum,
1554 713 1765 756 inlumi-

186 796 207 830 6
246 797 373 828 nans
412 785 616 828 oculos.
656 783 768 838 quod
807 786 948 825 autem
988 783 1065 824 ait:
1103 782 1154 824 in
1191 795 1343 824 manu
1388 783 1620 826 habebat
1663 796 1766 826 car-

245 856 444 906 bonem,
477 867 650 896 manum
682 853 979 908 intellegamus
1012 852 1310 907 operationem,
1343 855 1392 895 ut
1421 853 1499 895 ibi:
1532 853 1583 895 in
1615 866 1766 897 manu

245 926 464 980 linguae
502 937 641 967 mors
680 927 732 966 et
762 924 878 966 uita
910 924 1028 966 etin
1060 924 1244 977 psalmo:
1285 923 1479 966 cadent
1521 924 1570 966 in
1613 937 1766 967 manu

248 997 430 1052 gladii.
464 998 535 1039 aut
567 997 678 1038 certe
709 1008 808 1038 uere
840 1008 989 1038 manus
1023 995 1228 1050 apparuit,
1259 998 1309 1037 ut
1339 1008 1413 1050 per
1443 995 1763 1038 similitudinem
1789 1005 1827 1035 ιο
1867 1053 1870 1057 ¹

246 1067 451 1109 humanae
489 1067 660 1118 formae,
701 1067 800 1108 dum
844 1078 993 1108 manus
1038 1066 1220 1108 cernitur
1261 1066 1526 1121 porrigentis,
1563 1067 1768 1120 propheta

246 1150 327 1179 non
359 1137 525 1186 timeat;
553 1137 669 1179 iuxta
701 1136 812 1190 quod
844 1138 886 1178 et
909 1136 1049 1190 ipsum
1078 1136 1203 1178 deum
1229 1139 1272 1178 et
1295 1137 1466 1191 angelos
1493 1137 1534 1179 in
1561 1137 1766 1179 humanas

246 1208 432 1249 uidimus
465 1210 653 1250 mutasse
684 1207 854 1257 formas,
886 1209 936 1248 ut
965 1208 1105 1248 metus
1141 1206 1380 1250 uidentibus
1413 1207 1660 1250 demeretur.

306 1278 346 1320 3.
379 1278 484 1330 (19.)
517 1277 812 1333 Septuaginta:
847 1279 896 1319 et
928 1277 1082 1319 dixit:
1117 1289 1237 1319 ecce
1268 1277 1464 1334 tetigit
1494 1277 1591 1320 hoc
1621 1277 1768 1320 labia

247 1351 338 1390 tua
371 1350 421 1391 et
451 1349 663 1391 auferet
692 1344 1024 1402 iniquitates
1056 1350 1178 1390 tuas
1211 1349 1264 1389 et
1293 1351 1518 1403 peccata
1548 1351 1640 1390 tua
1671 1349 1764 1391 cir·
1790 1358 1828 1388 15

250 1419 652 1475 cumpurgabit3
685 1419 856 1473 Aquila:
891 1431 1012 1462 ecce
1044 1418 1241 1474 tetigit
1271 1419 1370 1462 hoc
1406 1419 1553 1461 labia
1588 1421 1681 1462 tua
1718 1421 1770 1462 et
1869 1405 1872 1415 ⁸

250 1490 468 1532 recedet
497 1489 767 1544 iniquitas
799 1496 892 1532 tua
924 1491 975 1531 et
1011 1492 1289 1544 peccatum
1323 1481 1472 1533 tuum
1510 1490 1769 1545 propitia·

194 1570 216 1605 2
253 1561 415 1611 bitur3
438 1561 565 1603 ceteri
582 1561 829 1614 interpretes
855 1560 896 1602 in
922 1560 1100 1614 Aquilae
1125 1561 1256 1603 uerba
1280 1561 1559 1603 consentiunt.
1586 1562 1769 1616 primum

252 1644 422 1674 necesse
443 1634 518 1682 est,
539 1633 589 1673 ut
608 1631 721 1673 labia
738 1633 881 1674 nostra
906 1633 1148 1686 tangantur3
1171 1631 1332 1683 deinde,
1353 1644 1447 1675 cum
1468 1634 1582 1675 tacta
1599 1632 1769 1682 fuerint,

252 1702 424 1757 fugetur
453 1702 653 1755 iniquitas
686 1704 740 1751 et,
773 1714 868 1743 cum
900 1701 1101 1756 iniquitas
1132 1702 1261 1744 fuerit
1291 1702 1486 1758 effugata,
1517 1702 1771 1758 propitietur
1792 1712 1831 1741 ao

254 1772 459 1822 dominus,
493 1773 591 1826 quia
627 1773 737 1827 apud
773 1773 912 1826 ipsum
950 1774 1017 1815 est
1051 1773 1294 1827 propitiatio
1334 1775 1376 1816 et
1412 1774 1643 1816 secundum
1674 1786 1771 1829 apo·
1834 1828 1838 1830 η

254 1842 411 1885 stolum
453 1843 570 1897 ipse
615 1845 696 1885 est
739 1842 1069 1897 propitiatio
1113 1856 1204 1897 pro
1255 1844 1501 1898 peccatis
1551 1844 1773 1887 nostris.

252 1912 442 1968 purgatis
462 1915 603 1955 autem
623 1913 808 1968 peccatis
828 1913 982 1956 nostris
1009 1914 1250 1956 audibimus
1276 1927 1424 1957 uocem
1452 1915 1610 1957 domini
1635 1915 1770 1958 dicen·

374 2073 390 2107 1
419 2072 463 2108 cf.
488 2072 552 2108 Ex.
578 2073 636 2118 28,
663 2074 719 2109 18.
746 2074 802 2118 39,
832 2073 872 2108 11
946 2074 970 2108 4
995 2074 1075 2109 *Ps.
1102 2074 1156 2117 11,
1183 2075 1203 2109 7
1278 2075 1299 2110 6
1325 2074 1403 2111 *Ps.
1433 2075 1486 2120 18,
1512 2076 1534 2111 9
1608 2078 1628 2112 7
1656 2075 1770 2112 *Esar

254 2132 287 2172 6,
313 2133 334 2167 6
413 2131 434 2166 8
460 2131 585 2167 *Pr0u.
614 2132 668 2177 18,
694 2133 737 2168 21
825 2134 846 2168 9
873 2131 951 2169 *Ps.
978 2133 1036 2178 62,
1064 2134 1104 2168 11
1195 2133 1238 2168 14
1262 2134 1376 2169 *EsaL
1403 2136 1436 2179 6,
1463 2136 1482 2170 7
1569 2135 1611 2170 21
1641 2134 1684 2171 cf.
1710 2136 1770 2172 ΡΒ.

256 2190 336 2234 129,
360 2190 382 2224 4
454 2190 500 2225 22
525 2190 543 2225 Ι
566 2191 642 2226 Ioh.
668 2192 700 2234 2,
727 2192 749 2226 2

306 2284 321 2317 1
349 2283 385 2317 in
410 2293 438 2318 s.
465 2284 486 2319 l.
514 2286 577 2319 m2
602 2285 634 2319 Σ
701 2286 722 2320 3
747 2286 905 2321 uarietas
931 2287 963 2321 Σ
983 2289 1042 2331 (ex
1067 2287 1227 2331 naritus),
1254 2286 1322 2323 FS
1403 2288 1425 2322 5
1450 2288 1580 2333 terrae]
1606 2298 1697 2324 eras.
1722 2289 1771 2331 Β,

255 2351 322 2376 om.
349 2346 409 2376 cet.
482 2346 673 2388 purgatum
699 2345 739 2378 in
763 2356 828 2389 my.
854 2347 917 2379 2112
942 2346 974 2380 Σ
1040 2346 1205 2392 septuplo
1231 2346 1267 2381 L
1327 2346 1348 2381 8
1373 2347 1531 2392 manum]
1555 2357 1681 2382 manus
1705 2347 1775 2384 RS

255 2410 421 2434 manuum
444 2412 468 2445 g
587 2401 829 2447 intellegimus
855 2404 1014 2447 chm2
1109 2407 1151 2439 ut
1175 2404 1242 2449 ibi]
1271 2405 1357 2439 alibi
1382 2405 1423 2440 F
1537 2406 1559 2440 9
1583 2417 1710 2442 manus
1733 2406 1771 2441 B
1845 2416 1871 2449 3

257 2458 304 2493 10
327 2468 409 2493 uere
434 2469 501 2493 om.
526 2459 566 2494 D
638 2462 680 2494 ut
704 2471 770 2495 om.
797 2461 834 2495 B
891 2462 933 2496 13
959 2472 996 2496 se
1022 2464 1179 2497 mutasse
1197 2474 1222 2507 g
1277 2463 1321 2497 14
1347 2463 1455 2508 tetigi
1481 2464 1514 2498 Σ
1531 2465 1590 2508 (ex
1613 2465 1716 2509 tegi),
1743 2463 1775 2501 δ’
1845 2456 1884 2504 ’ξέ

258 2517 301 2551 15
327 2516 444 2551 aufert
466 2517 507 2552 F
528 2519 586 2560 (ex
612 2518 737 2563 auset),
762 2519 831 2554 BS'
854 2520 993 2555 auferer
1018 2520 1057 2555 D
1154 2522 1326 2567 iniquitas
1351 2524 1472 2566 (corr.)
1490 2523 1531 2558 F
1621 2524 1769 2559 eircum-
1856 2507 1884 2570 ,Γ

254 2575 427 2620 purgabit
448 2576 578 2621 scripsi
602 2577 662 2621 (cf.
686 2586 802 2621 supra
820 2589 860 2622 p.
885 2580 946 2621 74,
966 2579 1027 2623 14)
1054 2579 1223 2624 purgabit
1245 2591 1270 2624 g
1294 2581 1466 2625 purgauit
1488 2581 1525 2615 B
1549 2583 1683 2627 purgat
1706 2586 1769 2618 cet.
1853 2574 1870 2635 ᾗ.

257 2634 301 2669 16
325 2634 433 2679 tetigi
460 2633 519 2670 ΣΕ
634 2636 714 2681 hoc]
740 2636 799 2671 hic
822 2648 846 2681 g
955 2637 998 2671 18
1025 2638 1253 2673 consentiant
1278 2639 1313 2673 L
1417 2640 1459 2674 19
1483 2643 1607 2675 nostra
1630 2651 1659 2676 a.
1685 2641 1708 2676 l.
1734 2642 1772 2676 B
1866 2634 1869 2658 ‘

255 2694 410 2737 tangant
432 2692 472 2727 F
495 2693 748 2740 contingantur
773 2695 799 2740 (i
825 2706 869 2730 ex
894 2698 927 2733 a)
956 2695 988 2730 Σ
1030 2696 1075 2731 20
1102 2698 1137 2731 et
1162 2707 1229 2733 om.
1257 2697 1326 2732 LE
1392 2697 1519 2743 fugata
1543 2699 1580 2733 B
1627 2700 1671 2735 21
1699 2701 1768 2745 est]

257 2753 294 2785 et
318 2750 356 2784 Ι)
452 2754 491 2786 tu
517 2754 623 2797 (exp.)
650 2755 687 2787 et
711 2753 750 2788 F
818 2754 863 2788 23
889 2755 1031 2799 purgati
1051 2755 1087 2788 B
1183 2755 1385 2791 audibimus
1410 2757 1542 2802 scripsi
1565 2758 1771 2794 audiuimus

259 2809 327 2843 FL
353 2809 575 2846 audieuimus
601 2811 637 2845 B
663 2812 847 2847 audiemus
874 2817 937 2848 cet.
1848 2837 1868 2860 ,ς

1847 2870 1868 2904 ἓ
