1884 3254
234 269 318 310 502
778 265 930 301 Sancti
954 265 1208 310 Hieronymi

233 407 308 437 nec
344 406 412 436 me
449 405 670 437 onerosum
709 395 782 435 aut
817 391 1087 447 inpudentem
1125 391 1286 435 iudices
1332 404 1407 448 per
1448 393 1750 436 humanitatem

232 463 548 507 ueracissimam
580 463 738 506 domini
767 462 912 506 nostri.
948 476 1058 514 nam,
1092 457 1146 505 ‘ut
1181 475 1262 505 non
1302 462 1438 506 dicam
1474 463 1604 517 nulla,
1641 466 1753 507 certe

232 548 311 577 non
339 547 490 590 magna
515 534 639 589 culpa
663 546 784 577 meus
810 546 922 575 error
945 533 1115 576 ueritati
1140 533 1270 584 fauet,
1297 533 1334 576 si
1357 536 1470 576 recte
1489 533 1532 576 in
1550 536 1593 577 te
1612 536 1757 589 potest

233 605 389 648 ueritas
421 605 562 648 fauere
593 604 826 647 mendacio.

291 677 329 718 5.
361 675 499 718 Multa
531 675 612 718 alia
642 687 739 717 cum
771 674 1055 717 sincerissimo
1088 675 1211 718 corde
1241 677 1316 718 tuo
1347 675 1465 730 loqui
1490 688 1684 730 cuperem
1712 677 1755 719 et

234 747 282 789 de
321 745 555 789 Christiano
595 745 736 788 studio
775 746 974 797 conferre,
1013 745 1087 788 sed
1123 746 1224 788 huic
1262 745 1470 789 desiderio
1506 757 1599 789 meo
1637 746 1754 789 nulla

233 817 415 871 epistula
447 819 513 859 sat
539 818 617 859 est.
649 816 819 859 uberius
843 815 887 858 id
911 829 1088 870 possum
1111 829 1185 871 per
1209 816 1392 868 fratrem,
1427 829 1551 872 quem
1575 816 1755 866 misnen<

232 888 331 930 dum
374 890 416 930 et
458 887 653 930 alendum
697 887 891 930 dulcibus
940 888 1068 941 atque
1108 887 1287 930 utilibus
1332 887 1753 935 sermocinationibus

230 958 316 1000 tuis
348 957 517 1000 misisse
547 970 614 1000 me
645 958 819 1013 gaudeo.
857 959 899 999 et
927 959 1082 1009 tamen,
1115 959 1318 1011 quantum
1350 958 1519 1009 uellem,
1556 970 1632 1000 nec
1662 957 1752 1013 ipse

232 1052 287 1059 —
303 1028 414 1082 quod
434 1028 524 1071 eius
544 1040 645 1082 pace
666 1028 838 1070 dixerim
852 1051 908 1058 ——
922 1027 1094 1070 forsitan
1116 1028 1241 1083 capit,
1263 1040 1515 1082 quamquam
1536 1027 1667 1071 nihilo
1685 1041 1754 1071 me

172 1103 193 1137 2
230 1099 294 1140 illi
324 1098 606 1153 praetulerim.
633 1111 710 1153 ego
738 1099 849 1140 enim
873 1111 942 1140 me
966 1099 1100 1141 fateor
1124 1099 1188 1140 tui
1214 1099 1488 1153 capaciorem,
1515 1099 1589 1141 sed
1613 1098 1753 1153 ipsum

231 1170 354 1212 uideo
386 1169 475 1211 fieri
511 1169 755 1223 pleniorem,
794 1181 876 1223 quo
914 1182 982 1211 me
1020 1169 1110 1212 sine
1148 1169 1409 1211 dubitatione
1449 1168 1675 1221 antecellit,
1713 1171 1756 1212 et

231 1241 505 1295 posteaquam
536 1239 720 1290 redierit,
759 1239 872 1293 quod
909 1239 1078 1282 domino
1117 1239 1344 1282 adiuuante
1375 1242 1666 1295 prosperatum
1703 1239 1755 1282 iri

232 1323 366 1364 spero,
399 1323 494 1353 eum
526 1311 616 1353 eius
647 1310 830 1367 pectoris
861 1310 936 1352 abs
967 1312 1010 1352 te
1042 1310 1247 1353 cumulati
1273 1311 1482 1365 particeps
1508 1311 1640 1362 fuero,
1672 1322 1754 1352 non

232 1383 297 1424 est
326 1381 577 1436 inpleturus,
615 1381 725 1435 quod
756 1380 799 1422 in
830 1393 897 1428 me
930 1380 1067 1423 adhuc
1098 1393 1281 1423 uacuum
1313 1381 1392 1423 erit
1423 1383 1549 1436 atque
1581 1381 1753 1424 auidum

233 1464 451 1494 sensorum
482 1453 665 1494 tuorum.
705 1451 767 1493 ita
802 1451 888 1502 fiet,
925 1456 975 1494 ut
1011 1464 1088 1507 ego
1126 1452 1253 1494 etiam
1291 1454 1392 1494 tunc
1431 1452 1620 1507 egentior
1657 1451 1751 1504 sim,

230 1523 302 1565 ille
329 1522 550 1577 copiosior.
577 1534 674 1564 sane
699 1522 811 1564 idem
837 1523 966 1565 frater
991 1522 1131 1577 aliqua
1156 1523 1313 1576 scripta
1332 1524 1475 1565 nostra
1491 1523 1574 1565 fert
1593 1535 1751 1575 secum,

233 1593 384 1646 quibus
425 1592 616 1647 legendis
661 1592 697 1633 si
741 1592 1024 1647 dignationem
1067 1592 1322 1646 adhibueris,
1371 1593 1498 1636 etiam
1547 1593 1752 1636 sinceram

173 1669 193 1704 3
231 1664 540 1716 fraternamque
584 1662 853 1704 seueritatem
897 1662 1095 1704 adhibeas
1141 1676 1310 1717 quaeso.
1354 1676 1436 1706 non
1480 1663 1590 1706 enim
1633 1663 1754 1706 aliter

281 1836 297 1870 1
325 1834 454 1871 iudicis
486 1835 537 1870 W
604 1835 626 1869 2
650 1835 872 1870 uerissimam
898 1835 935 1870 Β
1031 1835 1096 1870 dns
1123 1841 1164 1871 nr
1188 1835 1223 1870 L
1296 1837 1317 1872 3
1343 1841 1475 1882 magna
1504 1835 1556 1871 W
1647 1836 1753 1882 culpa

231 1906 299 1930 om.
325 1894 377 1929 W
467 1894 580 1940 meus}
603 1905 663 1929 eos
688 1894 739 1930 W
830 1895 997 1930 ueritatis
1022 1894 1106 1930 ΨΦ
1203 1899 1287 1931 auet
1312 1895 1361 1931 W
1452 1907 1525 1931 uer.
1552 1897 1627 1940 pot.
1647 1895 1754 1931 codd.

225 1957 347 1998 praet.
379 1952 462 1987 ΨΦ
580 1954 603 1987 4
627 1963 697 1987 non
723 1952 908 1987 mendacio
940 1952 992 1987 W
1107 1955 1127 1988 5
1154 1965 1232 1988 cum
1258 1964 1325 1989 om.
1358 1952 1407 1989 W
1498 1956 1562 1989 tuo
1589 1954 1693 1989 corde
1722 1955 1756 1989 Φ

232 2012 330 2047 cordi
360 2011 411 2047 W
527 2012 548 2046 6
575 2011 618 2046 de
643 2022 671 2046 s.
699 2011 721 2046 l.
748 2012 784 2045 B
886 2012 986 2047 nullo
1017 2013 1049 2046 Φ
1169 2013 1189 2047 7
1216 2015 1273 2047 sat
1302 2013 1397 2054 WB,
1423 2023 1491 2049 om.
1516 2012 1551 2047 L
1576 2013 1664 2048 satis
1690 2017 1752 2049 cet.

230 2071 268 2106 id
293 2072 409 2116 ipsum
434 2081 458 2115 g
553 2073 707 2116 possunt
729 2070 769 2106 F
872 2070 987 2116 fratr]
1014 2071 1100 2106 add.
1127 2071 1353 2117 profuturum
1376 2083 1401 2117 ς
1498 2083 1603 2117 quem
1627 2083 1693 2107 om.
1719 2071 1755 2107 L

231 2130 251 2164 8
279 2129 417 2165 dulcius
442 2130 481 2165 D
600 2130 726 2165 utilius
751 2129 786 2164 L
896 2130 940 2165 10
965 2141 1053 2175 pace
1080 2130 1155 2165 eius
1180 2141 1205 2175 ς
1324 2134 1425 2176 p(ace
1449 2142 1477 2166 s.
1505 2131 1544 2174 l.)
1570 2131 1607 2166 Β
1631 2141 1755 2176 pacem

231 2188 496 2236 F0‚Ma.r.(?)‚
522 2200 590 2224 om.
616 2189 649 2223 L
746 2189 982 2234 praedixerim
1006 2189 1042 2224 L
1097 2189 1282 2224 -forsitam
1314 2191 1346 2224 Φ
1370 2190 1516 2225 forsitat
1544 2190 1596 2225 W
1661 2190 1756 2225 nihi-

230 2249 305 2283 lum
329 2248 364 2282 L
389 2248 425 2282 in
450 2247 641 2291 nih(ch)ilo
667 2247 794 2283 FDlB
906 2259 963 2282 me
989 2258 1057 2285 om.
1082 2248 1117 2282 L
1215 2249 1256 2284 11
1285 2249 1492 2294 pertulerim
1525 2248 1576 2284 W
1684 2249 1756 2295 me]

233 2318 277 2343 ne
309 2306 355 2341 W
451 2307 664 2351 capiciorem
688 2305 859 2343 Fa.c.m2
885 2306 1102 2353 capidiorem
1129 2318 1173 2343 ex
1199 2307 1380 2353 eupiorem
1398 2307 1433 2342 L
1507 2308 1551 2342 12
1577 2307 1702 2343 uideor
1719 2307 1755 2342 L

230 2365 324 2410 fieri]
352 2364 458 2400 fateri
477 2364 512 2398 L
611 2365 805 2401 antecellet
825 2365 837 2400 l
863 2365 1047 2401 antecedit
1063 2366 1114 2401 M
1184 2366 1226 2401 13
1254 2377 1322 2412 quo
1342 2366 1415 2401 FL
1510 2366 1580 2401 adi.
1608 2366 1701 2402 dom.
1725 2367 1759 2401 Φ

232 2426 444 2469 prosperatu
469 2424 527 2469 (ex
546 2427 600 2458 -to
627 2426 702 2464 m2)
727 2424 771 2458 iri
797 2436 849 2469 sp.
868 2424 919 2459 M
938 2427 1127 2471 prosperat
1151 2425 1221 2460 uiri
1246 2436 1298 2471 sp.
1324 2424 1376 2461 W
1395 2425 1621 2471 prosperatui
1645 2436 1698 2471 sp.
1721 2426 1756 2460 Φ

231 2484 444 2527 prosperatu
470 2484 507 2525 (u
533 2484 574 2517 in
597 2485 687 2525 ras.)
715 2494 840 2528 aspero
866 2484 900 2518 L
925 2486 1134 2529 prosperato
1161 2495 1267 2518 cursu
1291 2484 1368 2519 fieri
1393 2486 1433 2528 (s.
1463 2484 1502 2528 l.)
1529 2495 1581 2529 sp.
1607 2483 1644 2518 B
1666 2495 1749 2530 pro-

231 2542 412 2585 speratum
444 2542 492 2584 (m
524 2543 618 2585 exp.)
648 2541 713 2575 fiat
745 2552 847 2576 cursu
873 2541 912 2576 F
939 2545 1148 2587 prosperato
1173 2542 1240 2578 fiat
1265 2553 1368 2578 cursu
1394 2542 1448 2578 Dl
1547 2543 1590 2578 14
1614 2543 1752 2588 pectori

230 2598 339 2633 FLB
435 2600 621 2635 cumulatii
646 2600 685 2634 D
760 2602 802 2635 15
830 2603 885 2635 est
914 2601 998 2636 ΨΦ
1023 2602 1092 2636 erit
1115 2606 1178 2637 cet.
1277 2601 1394 2637 adhuc
1419 2612 1487 2637 om.
1517 2602 1550 2636 Φ
1644 2601 1755 2636 fuerit

233 2669 264 2692 a.
292 2669 348 2692 au.
373 2659 409 2693 B
435 2669 467 2693 a.
492 2669 548 2693 au.
575 2661 631 2693 est
654 2659 686 2692 Φ
758 2658 802 2693 16
828 2670 1011 2694 sensorum
1036 2659 1119 2695 ΨΦ
1143 2671 1285 2695 sensum
1309 2659 1344 2694 L
1370 2671 1537 2695 sensuum
1562 2662 1622 2704 (ex
1646 2671 1753 2695 sensu

230 2717 279 2762 B)
306 2721 368 2752 eet.
442 2717 504 2752 fiat
529 2718 653 2761 Ba.c.;
678 2718 764 2753 add.
791 2719 899 2753 etiam
923 2730 951 2754 s.
979 2719 1000 2754 l.
1027 2720 1064 2754 Β
1136 2720 1191 2764 ut]
1218 2718 1305 2756 add.
1334 2722 1371 2754 et
1394 2719 1529 2764 Φ,Β3.ῑ.
1581 2719 1623 2754 17
1642 2718 1752 2764 idem]

232 2775 267 2809 id
295 2779 350 2810 est
381 2776 427 2811 W
522 2777 698 2822 scriptura
723 2777 762 2812 F
855 2779 989 2824 secum]
1018 2778 1104 2814 add.
1132 2789 1211 2814 cum
1241 2778 1292 2814 W
1387 2778 1431 2813 18
1457 2778 1508 2813 sic
1536 2783 1568 2821 (c
1595 2779 1692 2823 emp.)
1715 2777 1756 2812 F
1831 2826 1834 2827 ⁷

236 2834 280 2868 19
307 2836 413 2879 atque
440 2835 630 2871 fraternam
655 2847 679 2881 g
774 2836 964 2871 ueritatem
992 2837 1026 2871 L
1124 2836 1295 2872 adhibeat
1325 2837 1376 2871 W

1778 1036 1864 1071 10v

1776 1394 1814 1424 15
