<?xml version="1.0" encoding="UTF-8"?>
<!DOCTYPE html PUBLIC "-//W3C//DTD XHTML 1.0 Transitional//EN"
    "http://www.w3.org/TR/xhtml1/DTD/xhtml1-transitional.dtd">
<html xmlns="http://www.w3.org/1999/xhtml" xml:lang="en" lang="en">
 <head>
  <title>
</title>
<meta http-equiv="Content-Type" content="text/html;charset=utf-8" />
  <meta name='ocr-system' content='tesseract 3.04.00' />
  <meta name='ocr-capabilities' content='ocr_page ocr_carea ocr_par ocr_line ocrx_word'/>
</head>
<body>
  <div class='ocr_page' id='page_1' title='image "./corpusscriptorum54stuoft_0357.png"; bbox 0 0 1884 3254; ppageno 0'>
   <div class='ocr_carea' id='block_1_1' title="bbox 0 0 9 1571">
    <p class='ocr_par' dir='ltr' id='par_1_1' title="bbox 0 0 9 1571">
     <span class='ocr_line' id='line_1_1' title="bbox 0 0 9 1571; baseline 0 0"><span class='ocrx_word' id='word_1_1' title='bbox 0 0 9 1571; x_wconf 95' lang='lat' dir='ltr'> </span> 
     </span>
    </p>
   </div>
   <div class='ocr_carea' id='block_1_2' title="bbox 0 998 94 1070">
    <p class='ocr_par' dir='ltr' id='par_1_2' title="bbox 0 998 94 1070">
     <span class='ocr_line' id='line_1_2' title="bbox 0 998 94 1070; baseline 0.011 -18"><span class='ocrx_word' id='word_1_2' title='bbox 0 998 94 1070; x_wconf 64' lang='grc' dir='ltr'>ξω</span> 
     </span>
    </p>
   </div>
   <div class='ocr_carea' id='block_1_3' title="bbox 55 1381 92 1409">
    <p class='ocr_par' dir='ltr' id='par_1_3' title="bbox 55 1381 92 1409">
     <span class='ocr_line' id='line_1_3' title="bbox 55 1381 92 1409; baseline 0.027 -1"><span class='ocrx_word' id='word_1_3' title='bbox 55 1381 92 1409; x_wconf 81' lang='grc'>15</span> 
     </span>
    </p>
   </div>
   <div class='ocr_carea' id='block_1_4' title="bbox 33 1738 90 1766">
    <p class='ocr_par' dir='ltr' id='par_1_4' title="bbox 33 1738 90 1766">
     <span class='ocr_line' id='line_1_4' title="bbox 33 1738 90 1766; baseline 0.035 -2"><span class='ocrx_word' id='word_1_4' title='bbox 33 1738 90 1766; x_wconf 80' lang='grc'>,20</span> 
     </span>
    </p>
   </div>
   <div class='ocr_carea' id='block_1_5' title="bbox 638 245 1649 292">
    <p class='ocr_par' dir='ltr' id='par_1_5' title="bbox 638 245 1649 292">
     <span class='ocr_line' id='line_1_5' title="bbox 638 245 1649 292; baseline 0.01 -11"><span class='ocrx_word' id='word_1_5' title='bbox 638 246 847 292; x_wconf 79' lang='lat' dir='ltr'>Epistula</span> <span class='ocrx_word' id='word_1_6' title='bbox 871 245 985 280; x_wconf 88' lang='lat' dir='ltr'>XLVI</span> <span class='ocrx_word' id='word_1_7' title='bbox 1014 246 1152 281; x_wconf 85' lang='lat'>12—13</span> <span class='ocrx_word' id='word_1_8' title='bbox 1565 251 1649 291; x_wconf 77' lang='lat'>343</span> 
     </span>
    </p>
   </div>
   <div class='ocr_carea' id='block_1_6' title="bbox 111 376 1650 1992">
    <p class='ocr_par' dir='ltr' id='par_1_6' title="bbox 121 376 1650 642">
     <span class='ocr_line' id='line_1_6' title="bbox 122 376 1648 429; baseline 0.001 -10"><span class='ocrx_word' id='word_1_9' title='bbox 122 377 332 428; x_wconf 88' lang='lat' dir='ltr'>decantat,</span> <span class='ocrx_word' id='word_1_10' title='bbox 361 377 516 419; x_wconf 83' lang='lat' dir='ltr'>sudans</span> <span class='ocrx_word' id='word_1_11' title='bbox 543 389 705 418; x_wconf 84' lang='lat' dir='ltr'>messor</span> <span class='ocrx_word' id='word_1_12' title='bbox 731 376 909 429; x_wconf 89' lang='lat' dir='ltr'>psalmis</span> <span class='ocrx_word' id='word_1_13' title='bbox 936 388 980 418; x_wconf 86' lang='lat' dir='ltr'>se</span> <span class='ocrx_word' id='word_1_14' title='bbox 1007 378 1159 418; x_wconf 88' lang='lat' dir='ltr'>auocat</span> <span class='ocrx_word' id='word_1_15' title='bbox 1185 379 1227 419; x_wconf 88' lang='lat' dir='ltr'>et</span> <span class='ocrx_word' id='word_1_16' title='bbox 1259 389 1389 419; x_wconf 86' lang='lat' dir='ltr'>curua</span> <span class='ocrx_word' id='word_1_17' title='bbox 1416 377 1648 420; x_wconf 86' lang='lat' dir='ltr'>adtondens</span> 
     </span>
     <span class='ocr_line' id='line_1_7' title="bbox 123 446 1650 500; baseline 0.002 -12"><span class='ocrx_word' id='word_1_18' title='bbox 123 448 255 490; x_wconf 90' lang='lat' dir='ltr'>uitem</span> <span class='ocrx_word' id='word_1_19' title='bbox 286 448 393 490; x_wconf 91' lang='lat' dir='ltr'>falce</span> <span class='ocrx_word' id='word_1_20' title='bbox 426 447 582 489; x_wconf 79' lang='lat' dir='ltr'>uinitor</span> <span class='ocrx_word' id='word_1_21' title='bbox 614 446 772 500; x_wconf 88' lang='lat' dir='ltr'>aliquid</span> <span class='ocrx_word' id='word_1_22' title='bbox 804 447 1050 489; x_wconf 90' lang='lat' dir='ltr'>Dauiticum</span> <span class='ocrx_word' id='word_1_23' title='bbox 1083 447 1210 489; x_wconf 89' lang='lat' dir='ltr'>canit.</span> <span class='ocrx_word' id='word_1_24' title='bbox 1242 448 1345 490; x_wconf 86' lang='lat' dir='ltr'>haec</span> <span class='ocrx_word' id='word_1_25' title='bbox 1379 450 1479 490; x_wconf 86' lang='lat' dir='ltr'>sunt</span> <span class='ocrx_word' id='word_1_26' title='bbox 1504 448 1545 489; x_wconf 92' lang='lat' dir='ltr'>in</span> <span class='ocrx_word' id='word_1_27' title='bbox 1572 449 1650 491; x_wconf 88' lang='lat' dir='ltr'>hac</span> 
     </span>
     <span class='ocr_line' id='line_1_8' title="bbox 121 517 1648 573; baseline 0.001 -13"><span class='ocrx_word' id='word_1_28' title='bbox 121 518 337 572; x_wconf 89' lang='lat' dir='ltr'>prouincia</span> <span class='ocrx_word' id='word_1_29' title='bbox 369 518 564 568; x_wconf 87' lang='lat' dir='ltr'>carmina,</span> <span class='ocrx_word' id='word_1_30' title='bbox 595 518 688 568; x_wconf 88' lang='lat' dir='ltr'>hae,</span> <span class='ocrx_word' id='word_1_31' title='bbox 720 518 769 559; x_wconf 91' lang='lat' dir='ltr'>ut</span> <span class='ocrx_word' id='word_1_32' title='bbox 799 517 930 573; x_wconf 88' lang='lat' dir='ltr'>uulgo</span> <span class='ocrx_word' id='word_1_33' title='bbox 964 517 1133 569; x_wconf 87' lang='lat' dir='ltr'>dicitur,</span> <span class='ocrx_word' id='word_1_34' title='bbox 1160 519 1388 560; x_wconf 77' lang='lat' dir='ltr'>amatoriae</span> <span class='ocrx_word' id='word_1_35' title='bbox 1421 519 1648 570; x_wconf 86' lang='lat' dir='ltr'>cantiones,</span> 
     </span>
     <span class='ocr_line' id='line_1_9' title="bbox 121 588 1151 642; baseline 0 -12"><span class='ocrx_word' id='word_1_36' title='bbox 121 589 189 630; x_wconf 91' lang='lat' dir='ltr'>hic</span> <span class='ocrx_word' id='word_1_37' title='bbox 219 591 437 642; x_wconf 90' lang='lat' dir='ltr'>pastorum</span> <span class='ocrx_word' id='word_1_38' title='bbox 470 588 635 639; x_wconf 92' lang='lat' dir='ltr'>sibilus,</span> <span class='ocrx_word' id='word_1_39' title='bbox 669 588 771 630; x_wconf 89' lang='lat' dir='ltr'>haec</span> <span class='ocrx_word' id='word_1_40' title='bbox 803 601 917 630; x_wconf 88' lang='lat' dir='ltr'>arma</span> <span class='ocrx_word' id='word_1_41' title='bbox 949 590 1151 631; x_wconf 87' lang='lat' dir='ltr'>culturae.</span> 
     </span>
    </p>

    <p class='ocr_par' dir='ltr' id='par_1_7' title="bbox 111 658 1649 1992">
     <span class='ocr_line' id='line_1_10' title="bbox 182 658 1647 715; baseline 0.001 -13"><span class='ocrx_word' id='word_1_42' title='bbox 182 659 250 702; x_wconf 87' lang='lat'>13.</span> <span class='ocrx_word' id='word_1_43' title='bbox 282 659 441 702; x_wconf 85' lang='lat' dir='ltr'><strong>Uerum</strong></span> <span class='ocrx_word' id='word_1_44' title='bbox 474 658 576 712; x_wconf 88' lang='lat' dir='ltr'>quid</span> <span class='ocrx_word' id='word_1_45' title='bbox 606 659 773 714; x_wconf 83' lang='lat' dir='ltr'>agimus</span> <span class='ocrx_word' id='word_1_46' title='bbox 800 672 889 710; x_wconf 90' lang='lat' dir='ltr'>nec,</span> <span class='ocrx_word' id='word_1_47' title='bbox 917 659 1019 713; x_wconf 90' lang='lat' dir='ltr'>quid</span> <span class='ocrx_word' id='word_1_48' title='bbox 1045 659 1205 710; x_wconf 87' lang='lat' dir='ltr'>deceat,</span> <span class='ocrx_word' id='word_1_49' title='bbox 1232 660 1468 715; x_wconf 73' lang='lat' dir='ltr'>cogitantes</span> <span class='ocrx_word' id='word_1_50' title='bbox 1494 661 1647 711; x_wconf 90' lang='lat' dir='ltr'>solum,</span> 
     </span>
     <span class='ocr_line' id='line_1_11' title="bbox 121 729 1647 785; baseline 0.001 -13"><span class='ocrx_word' id='word_1_51' title='bbox 121 730 234 784; x_wconf 89' lang='lat' dir='ltr'>quod</span> <span class='ocrx_word' id='word_1_52' title='bbox 265 730 474 783; x_wconf 80' lang='lat' dir='ltr'>cupimus,</span> <span class='ocrx_word' id='word_1_53' title='bbox 501 730 580 771; x_wconf 93' lang='lat' dir='ltr'>hoc</span> <span class='ocrx_word' id='word_1_54' title='bbox 606 729 831 771; x_wconf 79' lang='lat' dir='ltr'>uidemus?</span> <span class='ocrx_word' id='word_1_55' title='bbox 859 743 881 771; x_wconf 95' lang='lat' dir='ltr'>o</span> <span class='ocrx_word' id='word_1_56' title='bbox 910 730 1073 783; x_wconf 89' lang='lat' dir='ltr'>quando</span> <span class='ocrx_word' id='word_1_57' title='bbox 1106 729 1214 771; x_wconf 87' lang='lat' dir='ltr'>illud</span> <span class='ocrx_word' id='word_1_58' title='bbox 1238 732 1409 785; x_wconf 90' lang='lat' dir='ltr'>tempus</span> <span class='ocrx_word' id='word_1_59' title='bbox 1436 730 1647 783; x_wconf 81' lang='lat' dir='ltr'>adueniet‚</span> 
     </span>
     <span class='ocr_line' id='line_1_12' title="bbox 121 800 1649 855; baseline 0 -12"><span class='ocrx_word' id='word_1_60' title='bbox 121 814 216 844; x_wconf 91' lang='lat' dir='ltr'>cum</span> <span class='ocrx_word' id='word_1_61' title='bbox 255 801 428 842; x_wconf 89' lang='lat' dir='ltr'>anhelus</span> <span class='ocrx_word' id='word_1_62' title='bbox 467 800 663 842; x_wconf 87' lang='lat' dir='ltr'>nuntium</span> <span class='ocrx_word' id='word_1_63' title='bbox 695 801 836 843; x_wconf 87' lang='lat' dir='ltr'>uiator</span> <span class='ocrx_word' id='word_1_64' title='bbox 866 801 1070 855; x_wconf 82' lang='lat' dir='ltr'>adportet,</span> <span class='ocrx_word' id='word_1_65' title='bbox 1101 801 1346 843; x_wconf 82' lang='lat' dir='ltr'>Marcellam</span> <span class='ocrx_word' id='word_1_66' title='bbox 1378 804 1564 844; x_wconf 88' lang='lat' dir='ltr'>nostram</span> <span class='ocrx_word' id='word_1_67' title='bbox 1597 802 1649 843; x_wconf 87' lang='lat' dir='ltr'>ad</span> 
     </span>
     <span class='ocr_line' id='line_1_13' title="bbox 119 871 1649 925; baseline 0.001 -12"><span class='ocrx_word' id='word_1_68' title='bbox 119 871 386 914; x_wconf 84' lang='lat' dir='ltr'>Palaestinae</span> <span class='ocrx_word' id='word_1_69' title='bbox 422 871 527 913; x_wconf 90' lang='lat' dir='ltr'>litus</span> <span class='ocrx_word' id='word_1_70' title='bbox 567 871 802 925; x_wconf 84' lang='lat' dir='ltr'>adpulsam,</span> <span class='ocrx_word' id='word_1_71' title='bbox 843 873 885 913; x_wconf 86' lang='lat' dir='ltr'>et</span> <span class='ocrx_word' id='word_1_72' title='bbox 921 871 1001 914; x_wconf 89' lang='lat' dir='ltr'>toti</span> <span class='ocrx_word' id='word_1_73' title='bbox 1043 871 1346 913; x_wconf 87' lang='lat' dir='ltr'>monachorum</span> <span class='ocrx_word' id='word_1_74' title='bbox 1391 872 1520 923; x_wconf 84' lang='lat' dir='ltr'>chori,</span> <span class='ocrx_word' id='word_1_75' title='bbox 1558 874 1649 914; x_wconf 89' lang='lat' dir='ltr'>tota</span> 
     </span>
     <span class='ocr_line' id='line_1_14' title="bbox 119 942 1647 999; baseline 0.002 -16"><span class='ocrx_word' id='word_1_76' title='bbox 119 942 330 999; x_wconf 90' lang='lat' dir='ltr'>uirginum</span> <span class='ocrx_word' id='word_1_77' title='bbox 363 942 530 997; x_wconf 86' lang='lat' dir='ltr'>agmina</span> <span class='ocrx_word' id='word_1_78' title='bbox 563 943 902 997; x_wconf 76' lang='lat' dir='ltr'>concrepabunt?</span> <span class='ocrx_word' id='word_1_79' title='bbox 935 943 1104 985; x_wconf 89' lang='lat' dir='ltr'>obuiam</span> <span class='ocrx_word' id='word_1_80' title='bbox 1134 943 1220 984; x_wconf 91' lang='lat' dir='ltr'>iam</span> <span class='ocrx_word' id='word_1_81' title='bbox 1252 943 1461 997; x_wconf 85' lang='lat' dir='ltr'>gestimus</span> <span class='ocrx_word' id='word_1_82' title='bbox 1501 956 1647 986; x_wconf 84' lang='lat' dir='ltr'>occur·</span> 
     </span>
     <span class='ocr_line' id='line_1_15' title="bbox 117 1013 1644 1069; baseline 0.002 -15"><span class='ocrx_word' id='word_1_83' title='bbox 117 1025 207 1054; x_wconf 87' lang='lat' dir='ltr'>rere</span> <span class='ocrx_word' id='word_1_84' title='bbox 239 1015 281 1055; x_wconf 89' lang='lat' dir='ltr'>et</span> <span class='ocrx_word' id='word_1_85' title='bbox 311 1026 391 1055; x_wconf 92' lang='lat' dir='ltr'>non</span> <span class='ocrx_word' id='word_1_86' title='bbox 426 1015 642 1067; x_wconf 85' lang='lat' dir='ltr'>expectato</span> <span class='ocrx_word' id='word_1_87' title='bbox 675 1013 874 1055; x_wconf 89' lang='lat' dir='ltr'>uehiculo</span> <span class='ocrx_word' id='word_1_88' title='bbox 902 1013 1114 1055; x_wconf 90' lang='lat' dir='ltr'>concitum</span> <span class='ocrx_word' id='word_1_89' title='bbox 1141 1013 1320 1068; x_wconf 87' lang='lat' dir='ltr'>pedibus</span> <span class='ocrx_word' id='word_1_90' title='bbox 1347 1013 1454 1056; x_wconf 89' lang='lat' dir='ltr'>ferre</span> <span class='ocrx_word' id='word_1_91' title='bbox 1481 1027 1644 1069; x_wconf 90' lang='lat' dir='ltr'>corpus.</span> 
     </span>
     <span class='ocr_line' id='line_1_16' title="bbox 116 1083 1649 1135; baseline 0.001 -10"><span class='ocrx_word' id='word_1_92' title='bbox 116 1083 354 1125; x_wconf 85' lang='lat' dir='ltr'>tenebimus</span> <span class='ocrx_word' id='word_1_93' title='bbox 387 1097 550 1135; x_wconf 88' lang='lat' dir='ltr'>manus,</span> <span class='ocrx_word' id='word_1_94' title='bbox 580 1097 650 1126; x_wconf 89' lang='lat' dir='ltr'>ora</span> <span class='ocrx_word' id='word_1_95' title='bbox 682 1097 901 1126; x_wconf 83' lang='lat' dir='ltr'>cernemus</span> <span class='ocrx_word' id='word_1_96' title='bbox 936 1087 978 1126; x_wconf 91' lang='lat' dir='ltr'>et</span> <span class='ocrx_word' id='word_1_97' title='bbox 1003 1098 1026 1126; x_wconf 90' lang='lat' dir='ltr'>a</span> <span class='ocrx_word' id='word_1_98' title='bbox 1058 1084 1294 1127; x_wconf 84' lang='lat' dir='ltr'>desiderato</span> <span class='ocrx_word' id='word_1_99' title='bbox 1320 1085 1391 1126; x_wconf 85' lang='lat' dir='ltr'>uix</span> <span class='ocrx_word' id='word_1_100' title='bbox 1417 1086 1649 1127; x_wconf 90' lang='lat' dir='ltr'>auellemur</span> 
     </span>
     <span class='ocr_line' id='line_1_17' title="bbox 117 1154 1647 1210; baseline 0.002 -15"><span class='ocrx_word' id='word_1_101' title='bbox 117 1154 324 1209; x_wconf 85' lang='lat' dir='ltr'>amplexu.</span> <span class='ocrx_word' id='word_1_102' title='bbox 359 1167 510 1210; x_wconf 87' lang='lat' dir='ltr'>ergone</span> <span class='ocrx_word' id='word_1_103' title='bbox 544 1155 622 1197; x_wconf 92' lang='lat' dir='ltr'>erit</span> <span class='ocrx_word' id='word_1_104' title='bbox 651 1155 727 1196; x_wconf 89' lang='lat' dir='ltr'>illa</span> <span class='ocrx_word' id='word_1_105' title='bbox 759 1155 863 1205; x_wconf 88' lang='lat' dir='ltr'>dies,</span> <span class='ocrx_word' id='word_1_106' title='bbox 891 1155 1057 1209; x_wconf 88' lang='lat' dir='ltr'>qnando</span> <span class='ocrx_word' id='word_1_107' title='bbox 1090 1155 1211 1198; x_wconf 87' lang='lat' dir='ltr'>nobis</span> <span class='ocrx_word' id='word_1_108' title='bbox 1241 1155 1370 1198; x_wconf 84' lang='lat' dir='ltr'>liceat</span> <span class='ocrx_word' id='word_1_109' title='bbox 1402 1156 1647 1209; x_wconf 88' lang='lat' dir='ltr'>speluncam</span> 
     </span>
     <span class='ocr_line' id='line_1_18' title="bbox 118 1225 1646 1280; baseline 0.002 -14"><span class='ocrx_word' id='word_1_110' title='bbox 118 1225 342 1266; x_wconf 82' lang='lat' dir='ltr'>saluatoris</span> <span class='ocrx_word' id='word_1_111' title='bbox 374 1225 557 1267; x_wconf 77' lang='lat' dir='ltr'>intrare?</span> <span class='ocrx_word' id='word_1_112' title='bbox 583 1226 625 1267; x_wconf 91' lang='lat' dir='ltr'>in</span> <span class='ocrx_word' id='word_1_113' title='bbox 660 1226 882 1280; x_wconf 89' lang='lat' dir='ltr'>sepulchro</span> <span class='ocrx_word' id='word_1_114' title='bbox 910 1226 1071 1268; x_wconf 87' lang='lat' dir='ltr'>domini</span> <span class='ocrx_word' id='word_1_115' title='bbox 1103 1226 1200 1268; x_wconf 90' lang='lat' dir='ltr'>flere</span> <span class='ocrx_word' id='word_1_116' title='bbox 1234 1239 1331 1268; x_wconf 90' lang='lat' dir='ltr'>cum</span> <span class='ocrx_word' id='word_1_117' title='bbox 1364 1239 1519 1278; x_wconf 88' lang='lat' dir='ltr'>sorore,</span> <span class='ocrx_word' id='word_1_118' title='bbox 1546 1227 1646 1269; x_wconf 86' lang='lat' dir='ltr'>flere</span> 
     </span>
     <span class='ocr_line' id='line_1_19' title="bbox 116 1296 1647 1352; baseline 0.003 -16"><span class='ocrx_word' id='word_1_119' title='bbox 116 1308 213 1337; x_wconf 90' lang='lat' dir='ltr'>cum</span> <span class='ocrx_word' id='word_1_120' title='bbox 243 1298 404 1337; x_wconf 78' lang='lat' dir='ltr'>matre?</span> <span class='ocrx_word' id='word_1_121' title='bbox 433 1296 567 1338; x_wconf 88' lang='lat' dir='ltr'>crucis</span> <span class='ocrx_word' id='word_1_122' title='bbox 595 1296 744 1338; x_wconf 88' lang='lat' dir='ltr'>deinde</span> <span class='ocrx_word' id='word_1_123' title='bbox 776 1297 941 1352; x_wconf 91' lang='lat' dir='ltr'>lignum</span> <span class='ocrx_word' id='word_1_124' title='bbox 966 1296 1152 1339; x_wconf 85' lang='lat' dir='ltr'>lambere</span> <span class='ocrx_word' id='word_1_125' title='bbox 1184 1299 1226 1339; x_wconf 86' lang='lat' dir='ltr'>et</span> <span class='ocrx_word' id='word_1_126' title='bbox 1256 1298 1298 1339; x_wconf 94' lang='lat' dir='ltr'>in</span> <span class='ocrx_word' id='word_1_127' title='bbox 1332 1298 1479 1340; x_wconf 86' lang='lat' dir='ltr'>oliueti</span> <span class='ocrx_word' id='word_1_128' title='bbox 1504 1300 1647 1340; x_wconf 90' lang='lat' dir='ltr'>monte</span> 
     </span>
     <span class='ocr_line' id='line_1_20' title="bbox 116 1361 1646 1410; baseline 0.001 -3"><span class='ocrx_word' id='word_1_129' title='bbox 116 1378 212 1407; x_wconf 91' lang='lat' dir='ltr'>cum</span> <span class='ocrx_word' id='word_1_130' title='bbox 244 1366 493 1408; x_wconf 81' lang='lat' dir='ltr'>ascendente</span> <span class='ocrx_word' id='word_1_131' title='bbox 526 1366 694 1409; x_wconf 89' lang='lat' dir='ltr'>domino</span> <span class='ocrx_word' id='word_1_132' title='bbox 722 1369 822 1409; x_wconf 84' lang='lat' dir='ltr'>uoto</span> <span class='ocrx_word' id='word_1_133' title='bbox 851 1371 894 1409; x_wconf 86' lang='lat' dir='ltr'>et</span> <span class='ocrx_word' id='word_1_134' title='bbox 925 1367 1065 1410; x_wconf 86' lang='lat' dir='ltr'>animo</span> <span class='ocrx_word' id='word_1_135' title='bbox 1097 1367 1340 1410; x_wconf 79' lang='lat' dir='ltr'>subleuari?</span> <span class='ocrx_word' id='word_1_136' title='bbox 1366 1368 1511 1410; x_wconf 89' lang='lat' dir='ltr'>uidere</span> <span class='ocrx_word' id='word_1_137' title='bbox 1536 1361 1646 1410; x_wconf 86' lang='lat' dir='ltr'>exire</span> 
     </span>
     <span class='ocr_line' id='line_1_21' title="bbox 114 1425 1645 1494; baseline 0.002 -16"><span class='ocrx_word' id='word_1_138' title='bbox 114 1437 318 1479; x_wconf 86' lang='lat' dir='ltr'>Lazarum</span> <span class='ocrx_word' id='word_1_139' title='bbox 350 1437 502 1480; x_wconf 87' lang='lat' dir='ltr'>fasceis</span> <span class='ocrx_word' id='word_1_140' title='bbox 543 1425 805 1494; x_wconf 85' lang='lat' dir='ltr'>conligatum</span> <span class='ocrx_word' id='word_1_141' title='bbox 846 1441 888 1480; x_wconf 93' lang='lat' dir='ltr'>et</span> <span class='ocrx_word' id='word_1_142' title='bbox 924 1438 1083 1481; x_wconf 75' lang='lat' dir='ltr'>fluenta</span> <span class='ocrx_word' id='word_1_143' title='bbox 1112 1438 1302 1481; x_wconf 90' lang='lat' dir='ltr'>Iordanis</span> <span class='ocrx_word' id='word_1_144' title='bbox 1341 1439 1393 1481; x_wconf 86' lang='lat' dir='ltr'>ad</span> <span class='ocrx_word' id='word_1_145' title='bbox 1428 1440 1645 1481; x_wconf 90' lang='lat' dir='ltr'>lauacrum</span> 
     </span>
     <span class='ocr_line' id='line_1_22' title="bbox 115 1508 1646 1564; baseline 0.001 -14"><span class='ocrx_word' id='word_1_146' title='bbox 115 1508 274 1550; x_wconf 90' lang='lat' dir='ltr'>domini</span> <span class='ocrx_word' id='word_1_147' title='bbox 310 1508 506 1563; x_wconf 81' lang='lat' dir='ltr'>puriora?</span> <span class='ocrx_word' id='word_1_148' title='bbox 543 1509 640 1551; x_wconf 89' lang='lat' dir='ltr'>inde</span> <span class='ocrx_word' id='word_1_149' title='bbox 679 1509 730 1550; x_wconf 86' lang='lat' dir='ltr'>ad</span> <span class='ocrx_word' id='word_1_150' title='bbox 768 1511 988 1563; x_wconf 88' lang='lat' dir='ltr'>pastorum</span> <span class='ocrx_word' id='word_1_151' title='bbox 1027 1509 1169 1551; x_wconf 89' lang='lat' dir='ltr'>caulas</span> <span class='ocrx_word' id='word_1_152' title='bbox 1207 1522 1395 1564; x_wconf 87' lang='lat' dir='ltr'>pergere,</span> <span class='ocrx_word' id='word_1_153' title='bbox 1428 1510 1470 1552; x_wconf 89' lang='lat' dir='ltr'>in</span> <span class='ocrx_word' id='word_1_154' title='bbox 1508 1511 1646 1552; x_wconf 89' lang='lat' dir='ltr'>Dauid</span> 
     </span>
     <span class='ocr_line' id='line_1_23' title="bbox 114 1580 1646 1635; baseline 0.002 -14"><span class='ocrx_word' id='word_1_155' title='bbox 114 1591 230 1622; x_wconf 88' lang='lat' dir='ltr'>orare</span> <span class='ocrx_word' id='word_1_156' title='bbox 262 1580 494 1631; x_wconf 88' lang='lat' dir='ltr'>mausoleo,</span> <span class='ocrx_word' id='word_1_157' title='bbox 519 1580 650 1622; x_wconf 90' lang='lat' dir='ltr'>Amos</span> <span class='ocrx_word' id='word_1_158' title='bbox 676 1581 927 1635; x_wconf 87' lang='lat' dir='ltr'>prophetam</span> <span class='ocrx_word' id='word_1_159' title='bbox 959 1580 1087 1623; x_wconf 89' lang='lat' dir='ltr'>etiam</span> <span class='ocrx_word' id='word_1_160' title='bbox 1119 1593 1230 1623; x_wconf 89' lang='lat' dir='ltr'>nunc</span> <span class='ocrx_word' id='word_1_161' title='bbox 1260 1580 1414 1623; x_wconf 91' lang='lat' dir='ltr'>bucina</span> <span class='ocrx_word' id='word_1_162' title='bbox 1443 1583 1646 1635; x_wconf 86' lang='lat' dir='ltr'>pastorali</span> 
     </span>
     <span class='ocr_line' id='line_1_24' title="bbox 111 1650 1647 1706; baseline 0.002 -15"><span class='ocrx_word' id='word_1_163' title='bbox 111 1651 154 1691; x_wconf 90' lang='lat' dir='ltr'>in</span> <span class='ocrx_word' id='word_1_164' title='bbox 199 1663 276 1691; x_wconf 88' lang='lat' dir='ltr'>sua</span> <span class='ocrx_word' id='word_1_165' title='bbox 320 1650 560 1704; x_wconf 85' lang='lat' dir='ltr'>conspicere</span> <span class='ocrx_word' id='word_1_166' title='bbox 603 1664 705 1705; x_wconf 89' lang='lat' dir='ltr'>rupe</span> <span class='ocrx_word' id='word_1_167' title='bbox 751 1651 1044 1706; x_wconf 81' lang='lat' dir='ltr'>clangentem?</span> <span class='ocrx_word' id='word_1_168' title='bbox 1089 1652 1141 1693; x_wconf 87' lang='lat' dir='ltr'>ad</span> <span class='ocrx_word' id='word_1_169' title='bbox 1171 1651 1396 1702; x_wconf 87' lang='lat' dir='ltr'>Abraham,</span> <span class='ocrx_word' id='word_1_170' title='bbox 1439 1652 1559 1694; x_wconf 89' lang='lat' dir='ltr'>Isaac</span> <span class='ocrx_word' id='word_1_171' title='bbox 1604 1655 1647 1695; x_wconf 90' lang='lat' dir='ltr'>et</span> 
     </span>
     <span class='ocr_line' id='line_1_25' title="bbox 113 1716 1647 1776; baseline 0.003 -14"><span class='ocrx_word' id='word_1_172' title='bbox 113 1721 251 1772; x_wconf 86' lang='lat' dir='ltr'>Iacob,</span> <span class='ocrx_word' id='word_1_173' title='bbox 289 1722 418 1763; x_wconf 88' lang='lat' dir='ltr'>trium</span> <span class='ocrx_word' id='word_1_174' title='bbox 464 1734 631 1776; x_wconf 91' lang='lat' dir='ltr'>quoque</span> <span class='ocrx_word' id='word_1_175' title='bbox 675 1722 919 1764; x_wconf 85' lang='lat' dir='ltr'>inlustrium</span> <span class='ocrx_word' id='word_1_176' title='bbox 964 1722 1217 1764; x_wconf 85' lang='lat' dir='ltr'>feminarum</span> <span class='ocrx_word' id='word_1_177' title='bbox 1262 1723 1333 1765; x_wconf 89' lang='lat' dir='ltr'>uel</span> <span class='ocrx_word' id='word_1_178' title='bbox 1376 1716 1647 1766; x_wconf 86' lang='lat' dir='ltr'>tabernacula</span> 
     </span>
     <span class='ocr_line' id='line_1_26' title="bbox 112 1793 1642 1849; baseline 0.001 -14"><span class='ocrx_word' id='word_1_179' title='bbox 112 1805 331 1847; x_wconf 87' lang='lat' dir='ltr'>properare</span> <span class='ocrx_word' id='word_1_180' title='bbox 377 1793 445 1835; x_wconf 90' lang='lat' dir='ltr'>uel</span> <span class='ocrx_word' id='word_1_181' title='bbox 490 1793 745 1837; x_wconf 81' lang='lat' dir='ltr'>memorias?</span> <span class='ocrx_word' id='word_1_182' title='bbox 784 1793 927 1835; x_wconf 90' lang='lat' dir='ltr'>uidere</span> <span class='ocrx_word' id='word_1_183' title='bbox 965 1794 1138 1845; x_wconf 89' lang='lat' dir='ltr'>fontem,</span> <span class='ocrx_word' id='word_1_184' title='bbox 1178 1794 1220 1835; x_wconf 90' lang='lat' dir='ltr'>in</span> <span class='ocrx_word' id='word_1_185' title='bbox 1261 1807 1342 1848; x_wconf 90' lang='lat' dir='ltr'>quo</span> <span class='ocrx_word' id='word_1_186' title='bbox 1384 1807 1406 1836; x_wconf 91' lang='lat' dir='ltr'>a</span> <span class='ocrx_word' id='word_1_187' title='bbox 1442 1794 1642 1849; x_wconf 89' lang='lat' dir='ltr'>Philippo</span> 
     </span>
     <span class='ocr_line' id='line_1_27' title="bbox 113 1863 1643 1920; baseline 0.001 -15"><span class='ocrx_word' id='word_1_188' title='bbox 113 1863 331 1906; x_wconf 90' lang='lat' dir='ltr'>eunuchus</span> <span class='ocrx_word' id='word_1_189' title='bbox 364 1866 429 1905; x_wconf 88' lang='lat' dir='ltr'>est</span> <span class='ocrx_word' id='word_1_190' title='bbox 453 1863 643 1906; x_wconf 80' lang='lat' dir='ltr'>tinctus?</span> <span class='ocrx_word' id='word_1_191' title='bbox 671 1863 902 1906; x_wconf 87' lang='lat' dir='ltr'>Samariam</span> <span class='ocrx_word' id='word_1_192' title='bbox 927 1877 1098 1919; x_wconf 88' lang='lat' dir='ltr'>pergere</span> <span class='ocrx_word' id='word_1_193' title='bbox 1132 1866 1174 1906; x_wconf 89' lang='lat' dir='ltr'>et</span> <span class='ocrx_word' id='word_1_194' title='bbox 1198 1865 1397 1907; x_wconf 88' lang='lat' dir='ltr'>Iohannis</span> <span class='ocrx_word' id='word_1_195' title='bbox 1431 1865 1643 1920; x_wconf 89' lang='lat' dir='ltr'>baptistae</span> 
     </span>
     <span class='ocr_line' id='line_1_28' title="bbox 111 1934 1643 1992; baseline 0.002 -16"><span class='ocrx_word' id='word_1_196' title='bbox 111 1935 383 1989; x_wconf 89' lang='lat' dir='ltr'>Helisaeique</span> <span class='ocrx_word' id='word_1_197' title='bbox 422 1937 465 1977; x_wconf 88' lang='lat' dir='ltr'>et</span> <span class='ocrx_word' id='word_1_198' title='bbox 499 1934 660 1977; x_wconf 88' lang='lat' dir='ltr'>Abdiae</span> <span class='ocrx_word' id='word_1_199' title='bbox 703 1936 859 1990; x_wconf 88' lang='lat' dir='ltr'>pariter</span> <span class='ocrx_word' id='word_1_200' title='bbox 902 1936 1061 1978; x_wconf 89' lang='lat' dir='ltr'>cineres</span> <span class='ocrx_word' id='word_1_201' title='bbox 1107 1936 1307 1978; x_wconf 82' lang='lat' dir='ltr'>adorare?</span> <span class='ocrx_word' id='word_1_202' title='bbox 1346 1936 1509 1992; x_wconf 87' lang='lat' dir='ltr'>ingredi</span> <span class='ocrx_word' id='word_1_203' title='bbox 1551 1950 1643 1990; x_wconf 88' lang='lat' dir='ltr'>spe-</span> 
     </span>
    </p>
   </div>
   <div class='ocr_carea' id='block_1_7' title="bbox 112 2061 1641 2227">
    <p class='ocr_par' dir='ltr' id='par_1_8' title="bbox 112 2061 1641 2227">
     <span class='ocr_line' id='line_1_29' title="bbox 232 2061 1641 2109; baseline 0.001 -12"><span class='ocrx_word' id='word_1_204' title='bbox 232 2063 276 2097; x_wconf 90' lang='lat'>14</span> <span class='ocrx_word' id='word_1_205' title='bbox 297 2061 340 2097; x_wconf 83' lang='lat' dir='ltr'>cf.</span> <span class='ocrx_word' id='word_1_206' title='bbox 362 2062 442 2096; x_wconf 74' lang='lat' dir='ltr'>Act.</span> <span class='ocrx_word' id='word_1_207' title='bbox 463 2062 494 2104; x_wconf 94' lang='lat'>1,</span> <span class='ocrx_word' id='word_1_208' title='bbox 515 2063 631 2098; x_wconf 80' lang='lat'>9—12</span> <span class='ocrx_word' id='word_1_209' title='bbox 684 2061 793 2109; x_wconf 70' lang='lat' dir='ltr'>15jef.</span> <span class='ocrx_word' id='word_1_210' title='bbox 815 2063 892 2098; x_wconf 89' lang='lat' dir='ltr'>Ioh.</span> <span class='ocrx_word' id='word_1_211' title='bbox 915 2063 968 2107; x_wconf 91' lang='lat'>11,</span> <span class='ocrx_word' id='word_1_212' title='bbox 987 2064 1051 2108; x_wconf 37' lang='lat'>44,</span> <span class='ocrx_word' id='word_1_213' title='bbox 1083 2063 1126 2098; x_wconf 92' lang='grc'>16</span> <span class='ocrx_word' id='word_1_214' title='bbox 1149 2063 1191 2099; x_wconf 86' lang='lat' dir='ltr'>cf.</span> <span class='ocrx_word' id='word_1_215' title='bbox 1212 2063 1342 2100; x_wconf 78' lang='lat' dir='ltr'>Matth.</span> <span class='ocrx_word' id='word_1_216' title='bbox 1364 2063 1552 2107; x_wconf 75' lang='lat'>3,13-17</span> <span class='ocrx_word' id='word_1_217' title='bbox 1574 2066 1641 2099; x_wconf 86' lang='lat' dir='ltr'>etc.</span> 
     </span>
     <span class='ocr_line' id='line_1_30' title="bbox 113 2121 1640 2167; baseline 0.003 -13"><span class='ocrx_word' id='word_1_218' title='bbox 113 2122 154 2155; x_wconf 73' lang='lat'>17</span> <span class='ocrx_word' id='word_1_219' title='bbox 183 2121 227 2157; x_wconf 85' lang='lat' dir='ltr'>cf.</span> <span class='ocrx_word' id='word_1_220' title='bbox 254 2121 341 2156; x_wconf 85' lang='lat' dir='ltr'>Luc.</span> <span class='ocrx_word' id='word_1_221' title='bbox 367 2121 407 2165; x_wconf 74' lang='lat'>2,</span> <span class='ocrx_word' id='word_1_222' title='bbox 426 2122 447 2156; x_wconf 92' lang='grc'>8</span> <span class='ocrx_word' id='word_1_223' title='bbox 522 2122 567 2157; x_wconf 88' lang='lat' dir='ltr'>cf.</span> <span class='ocrx_word' id='word_1_224' title='bbox 592 2121 648 2156; x_wconf 88' lang='lat'>111</span> <span class='ocrx_word' id='word_1_225' title='bbox 674 2121 764 2167; x_wconf 87' lang='lat' dir='ltr'>Reg.</span> <span class='ocrx_word' id='word_1_226' title='bbox 790 2123 822 2166; x_wconf 89' lang='lat'>2,</span> <span class='ocrx_word' id='word_1_227' title='bbox 851 2123 894 2157; x_wconf 94' lang='lat'>10</span> <span class='ocrx_word' id='word_1_228' title='bbox 978 2122 1021 2157; x_wconf 89' lang='grc'>18</span> <span class='ocrx_word' id='word_1_229' title='bbox 1049 2122 1092 2158; x_wconf 90' lang='lat' dir='ltr'>cf.</span> <span class='ocrx_word' id='word_1_230' title='bbox 1119 2123 1197 2157; x_wconf 89' lang='lat' dir='ltr'>Am.</span> <span class='ocrx_word' id='word_1_231' title='bbox 1226 2123 1256 2166; x_wconf 91' lang='lat'>1,</span> <span class='ocrx_word' id='word_1_232' title='bbox 1286 2123 1316 2159; x_wconf 95' lang='lat'>1.</span> <span class='ocrx_word' id='word_1_233' title='bbox 1344 2123 1376 2165; x_wconf 86' lang='lat'>7,</span> <span class='ocrx_word' id='word_1_234' title='bbox 1405 2122 1448 2157; x_wconf 86' lang='lat'>14</span> <span class='ocrx_word' id='word_1_235' title='bbox 1483 2134 1489 2140; x_wconf 92' lang='lat'><strong>·</strong></span> <span class='ocrx_word' id='word_1_236' title='bbox 1526 2123 1568 2158; x_wconf 84' lang='lat'>19</span> <span class='ocrx_word' id='word_1_237' title='bbox 1597 2123 1640 2158; x_wconf 86' lang='lat' dir='ltr'>cf.</span> 
     </span>
     <span class='ocr_line' id='line_1_31' title="bbox 112 2179 1499 2227; baseline 0.002 -13"><span class='ocrx_word' id='word_1_238' title='bbox 112 2179 200 2215; x_wconf 86' lang='lat' dir='ltr'>Gen.</span> <span class='ocrx_word' id='word_1_239' title='bbox 226 2181 285 2223; x_wconf 83' lang='lat'>49,</span> <span class='ocrx_word' id='word_1_240' title='bbox 309 2179 447 2215; x_wconf 85' lang='lat'>29—31</span> <span class='ocrx_word' id='word_1_241' title='bbox 524 2182 567 2215; x_wconf 80' lang='lat'>21</span> <span class='ocrx_word' id='word_1_242' title='bbox 598 2180 641 2216; x_wconf 86' lang='lat' dir='ltr'>cf.</span> <span class='ocrx_word' id='word_1_243' title='bbox 669 2180 750 2216; x_wconf 89' lang='lat' dir='ltr'>Act.</span> <span class='ocrx_word' id='word_1_244' title='bbox 777 2181 810 2224; x_wconf 92' lang='lat'>8,</span> <span class='ocrx_word' id='word_1_245' title='bbox 837 2181 978 2217; x_wconf 83' lang='lat'><strong>36—38</strong></span> <span class='ocrx_word' id='word_1_246' title='bbox 1052 2182 1097 2216; x_wconf 85' lang='lat'>23</span> <span class='ocrx_word' id='word_1_247' title='bbox 1125 2181 1170 2216; x_wconf 89' lang='lat' dir='ltr'>cf.</span> <span class='ocrx_word' id='word_1_248' title='bbox 1196 2181 1252 2215; x_wconf 91' lang='lat' dir='ltr'>III</span> <span class='ocrx_word' id='word_1_249' title='bbox 1277 2181 1367 2227; x_wconf 87' lang='lat' dir='ltr'>Reg.</span> <span class='ocrx_word' id='word_1_250' title='bbox 1396 2182 1450 2225; x_wconf 83' lang='lat'>18,</span> <span class='ocrx_word' id='word_1_251' title='bbox 1477 2183 1499 2216; x_wconf 85' lang='lat'>4</span> 
     </span>
    </p>
   </div>
   <div class='ocr_carea' id='block_1_8' title="bbox 110 2251 1643 2418">
    <p class='ocr_par' dir='ltr' id='par_1_9' title="bbox 110 2251 1643 2418">
     <span class='ocr_line' id='line_1_32' title="bbox 160 2251 1640 2299; baseline 0.002 -14"><span class='ocrx_word' id='word_1_252' title='bbox 160 2252 176 2285; x_wconf 96' lang='lat'>1</span> <span class='ocrx_word' id='word_1_253' title='bbox 206 2253 329 2286; x_wconf 86' lang='lat' dir='ltr'>cantat</span> <span class='ocrx_word' id='word_1_254' title='bbox 352 2251 461 2286; x_wconf 53' lang='lat' dir='ltr'>Kar.</span> <span class='ocrx_word' id='word_1_255' title='bbox 568 2263 706 2287; x_wconf 88' lang='lat' dir='ltr'>messor</span> <span class='ocrx_word' id='word_1_256' title='bbox 729 2264 757 2287; x_wconf 86' lang='lat' dir='ltr'>s.</span> <span class='ocrx_word' id='word_1_257' title='bbox 787 2253 809 2287; x_wconf 84' lang='lat' dir='ltr'>l.</span> <span class='ocrx_word' id='word_1_258' title='bbox 836 2253 868 2287; x_wconf 91' lang='grc' dir='ltr'><em>Σ</em></span> <span class='ocrx_word' id='word_1_259' title='bbox 971 2253 1120 2299; x_wconf 83' lang='lat' dir='ltr'>psalmis</span> <span class='ocrx_word' id='word_1_260' title='bbox 1145 2264 1172 2288; x_wconf 81' lang='lat' dir='ltr'>s.</span> <span class='ocrx_word' id='word_1_261' title='bbox 1201 2254 1224 2288; x_wconf 83' lang='lat' dir='ltr'>l.</span> <span class='ocrx_word' id='word_1_262' title='bbox 1249 2252 1302 2288; x_wconf 83' lang='lat' dir='ltr'>B2</span> <span class='ocrx_word' id='word_1_263' title='bbox 1410 2253 1566 2288; x_wconf 86' lang='lat' dir='ltr'>aduocat</span> <span class='ocrx_word' id='word_1_264' title='bbox 1590 2253 1640 2288; x_wconf 90' lang='lat' dir='ltr'>B¹</span> 
     </span>
     <span class='ocr_line' id='line_1_33' title="bbox 110 2310 1643 2357; baseline 0.003 -13"><span class='ocrx_word' id='word_1_265' title='bbox 110 2321 255 2345; x_wconf 85' lang='lat' dir='ltr'>curnam</span> <span class='ocrx_word' id='word_1_266' title='bbox 279 2310 330 2344; x_wconf 70' lang='grc' dir='ltr'>Βι</span> <span class='ocrx_word' id='word_1_267' title='bbox 404 2312 426 2345; x_wconf 84' lang='grc'>2</span> <span class='ocrx_word' id='word_1_268' title='bbox 453 2311 528 2346; x_wconf 91' lang='lat' dir='ltr'>uite</span> <span class='ocrx_word' id='word_1_269' title='bbox 554 2311 645 2357; x_wconf 86' lang='lat' dir='ltr'>(-ae)</span> <span class='ocrx_word' id='word_1_270' title='bbox 673 2311 790 2356; x_wconf 82' lang='grc' dir='ltr'><em>ΙΙΣΙ),</em></span> <span class='ocrx_word' id='word_1_271' title='bbox 817 2322 886 2347; x_wconf 87' lang='lat' dir='ltr'>om.</span> <span class='ocrx_word' id='word_1_272' title='bbox 912 2311 963 2346; x_wconf 91' lang='lat' dir='ltr'>B¹</span> <span class='ocrx_word' id='word_1_273' title='bbox 1059 2312 1188 2347; x_wconf 87' lang='lat' dir='ltr'>falcem</span> <span class='ocrx_word' id='word_1_274' title='bbox 1215 2312 1345 2347; x_wconf 72' lang='grc' dir='ltr'>ΠΒΒ1</span> <span class='ocrx_word' id='word_1_275' title='bbox 1440 2313 1559 2348; x_wconf 89' lang='lat' dir='ltr'>uinior</span> <span class='ocrx_word' id='word_1_276' title='bbox 1582 2313 1643 2348; x_wconf 81' lang='lat' dir='ltr'>uel</span> 
     </span>
     <span class='ocr_line' id='line_1_34' title="bbox 110 2369 1642 2418; baseline 0.002 -15"><span class='ocrx_word' id='word_1_277' title='bbox 110 2369 229 2404; x_wconf 86' lang='lat' dir='ltr'>iunior</span> <span class='ocrx_word' id='word_1_278' title='bbox 252 2369 304 2403; x_wconf 73' lang='grc' dir='ltr'>Β1</span> <span class='ocrx_word' id='word_1_279' title='bbox 424 2369 629 2405; x_wconf 89' lang='lat' dir='ltr'>dauidicum</span> <span class='ocrx_word' id='word_1_280' title='bbox 659 2370 760 2415; x_wconf 81' lang='lat' dir='ltr'>Gp.c.</span> <span class='ocrx_word' id='word_1_281' title='bbox 882 2371 904 2406; x_wconf 83' lang='lat'><strong>3</strong></span> <span class='ocrx_word' id='word_1_282' title='bbox 931 2382 1036 2406; x_wconf 88' lang='lat' dir='ltr'>carm.</span> <span class='ocrx_word' id='word_1_283' title='bbox 1063 2382 1131 2406; x_wconf 91' lang='lat' dir='ltr'>om.</span> <span class='ocrx_word' id='word_1_284' title='bbox 1157 2371 1201 2406; x_wconf 92' lang='lat' dir='ltr'><strong><em>K</em></strong></span> <span class='ocrx_word' id='word_1_285' title='bbox 1311 2371 1454 2418; x_wconf 87' lang='lat' dir='ltr'>hae(e)c</span> <span class='ocrx_word' id='word_1_286' title='bbox 1477 2370 1642 2408; x_wconf 82' lang='lat' dir='ltr'>Ka.‹:.Bl</span> 
     </span>
    </p>
   </div>
   <div class='ocr_carea' id='block_1_9' title="bbox 108 2429 1640 2890">
    <p class='ocr_par' dir='ltr' id='par_1_10' title="bbox 108 2429 1640 2890">
     <span class='ocr_line' id='line_1_35' title="bbox 109 2429 1639 2477; baseline 0.003 -15"><span class='ocrx_word' id='word_1_287' title='bbox 109 2429 337 2464; x_wconf 86' lang='lat' dir='ltr'>cantationes</span> <span class='ocrx_word' id='word_1_288' title='bbox 360 2441 402 2474; x_wconf 76' lang='lat' dir='ltr'>g;</span> <span class='ocrx_word' id='word_1_289' title='bbox 428 2429 514 2464; x_wconf 81' lang='lat' dir='ltr'>add.</span> <span class='ocrx_word' id='word_1_290' title='bbox 540 2430 620 2465; x_wconf 85' lang='lat' dir='ltr'>uale</span> <span class='ocrx_word' id='word_1_291' title='bbox 647 2430 714 2465; x_wconf 78' lang='grc' dir='ltr'>ΣΙ)</span> <span class='ocrx_word' id='word_1_292' title='bbox 739 2431 819 2466; x_wconf 88' lang='lat' dir='ltr'>uale</span> <span class='ocrx_word' id='word_1_293' title='bbox 846 2430 993 2477; x_wconf 83' lang='lat' dir='ltr'>explicit</span> <span class='ocrx_word' id='word_1_294' title='bbox 1019 2431 1058 2466; x_wconf 91' lang='lat' dir='ltr'>Il</span> <span class='ocrx_word' id='word_1_295' title='bbox 1143 2433 1166 2466; x_wconf 88' lang='lat'>4</span> <span class='ocrx_word' id='word_1_296' title='bbox 1191 2431 1266 2477; x_wconf 86' lang='lat' dir='ltr'>hic]</span> <span class='ocrx_word' id='word_1_297' title='bbox 1290 2431 1348 2466; x_wconf 86' lang='lat' dir='ltr'>his</span> <span class='ocrx_word' id='word_1_298' title='bbox 1373 2432 1409 2466; x_wconf 99' lang='grc' dir='ltr'><strong><em>Β</em></strong></span> <span class='ocrx_word' id='word_1_299' title='bbox 1505 2433 1526 2466; x_wconf 88' lang='lat'>5</span> <span class='ocrx_word' id='word_1_300' title='bbox 1554 2442 1639 2477; x_wconf 85' lang='lat' dir='ltr'>aga-</span> 
     </span>
     <span class='ocr_line' id='line_1_36' title="bbox 110 2487 1640 2536; baseline 0.002 -14"><span class='ocrx_word' id='word_1_301' title='bbox 110 2498 189 2522; x_wconf 85' lang='lat' dir='ltr'>mus</span> <span class='ocrx_word' id='word_1_302' title='bbox 214 2487 250 2522; x_wconf 89' lang='grc' dir='ltr'><strong><em>Β</em></strong></span> <span class='ocrx_word' id='word_1_303' title='bbox 333 2499 378 2523; x_wconf 88' lang='lat' dir='ltr'>ne</span> <span class='ocrx_word' id='word_1_304' title='bbox 408 2488 442 2524; x_wconf 98' lang='lat' dir='ltr'><strong><em>G</em></strong></span> <span class='ocrx_word' id='word_1_305' title='bbox 491 2489 511 2524; x_wconf 90' lang='lat'>6</span> <span class='ocrx_word' id='word_1_306' title='bbox 537 2490 648 2533; x_wconf 88' lang='lat' dir='ltr'>temp.</span> <span class='ocrx_word' id='word_1_307' title='bbox 673 2489 725 2524; x_wconf 92' lang='lat' dir='ltr'>ill.</span> <span class='ocrx_word' id='word_1_308' title='bbox 749 2501 774 2534; x_wconf 76' lang='lat' dir='ltr'>g</span> <span class='ocrx_word' id='word_1_309' title='bbox 822 2491 842 2524; x_wconf 87' lang='lat'><strong>7</strong></span> <span class='ocrx_word' id='word_1_310' title='bbox 870 2490 995 2525; x_wconf 84' lang='lat' dir='ltr'>anelus</span> <span class='ocrx_word' id='word_1_311' title='bbox 1020 2490 1057 2525; x_wconf 91' lang='grc' dir='ltr'><strong><em>Β</em></strong></span> <span class='ocrx_word' id='word_1_312' title='bbox 1082 2490 1233 2536; x_wconf 87' lang='lat' dir='ltr'>angelus</span> <span class='ocrx_word' id='word_1_313' title='bbox 1258 2490 1302 2525; x_wconf 89' lang='lat' dir='ltr'><strong><em>K</em></strong></span> <span class='ocrx_word' id='word_1_314' title='bbox 1353 2491 1375 2526; x_wconf 89' lang='lat'>8</span> <span class='ocrx_word' id='word_1_315' title='bbox 1400 2490 1579 2536; x_wconf 87' lang='lat' dir='ltr'>inpulsam</span> <span class='ocrx_word' id='word_1_316' title='bbox 1604 2491 1640 2525; x_wconf 91' lang='grc' dir='ltr'><strong><em>Β</em></strong></span> 
     </span>
     <span class='ocr_line' id='line_1_37' title="bbox 113 2546 1640 2595; baseline 0.002 -14"><span class='ocrx_word' id='word_1_317' title='bbox 113 2546 157 2581; x_wconf 93' lang='grc'>10</span> <span class='ocrx_word' id='word_1_318' title='bbox 182 2547 399 2582; x_wconf 86' lang='lat' dir='ltr'>concitatum</span> <span class='ocrx_word' id='word_1_319' title='bbox 426 2548 463 2582; x_wconf 87' lang='lat' dir='ltr'><em>B</em></span> <span class='ocrx_word' id='word_1_320' title='bbox 558 2548 650 2584; x_wconf 87' lang='lat' dir='ltr'>ferre</span> <span class='ocrx_word' id='word_1_321' title='bbox 676 2559 742 2584; x_wconf 86' lang='lat' dir='ltr'>om.</span> <span class='ocrx_word' id='word_1_322' title='bbox 770 2549 806 2583; x_wconf 91' lang='lat' dir='ltr'><em>B</em></span> <span class='ocrx_word' id='word_1_323' title='bbox 904 2550 945 2585; x_wconf 94' lang='grc'>11</span> <span class='ocrx_word' id='word_1_324' title='bbox 973 2550 1150 2584; x_wconf 85' lang='lat' dir='ltr'>cernimus</span> <span class='ocrx_word' id='word_1_325' title='bbox 1175 2549 1252 2584; x_wconf 89' lang='lat' dir='ltr'>KB</span> <span class='ocrx_word' id='word_1_326' title='bbox 1349 2550 1381 2595; x_wconf 85' lang='lat' dir='ltr'>a]</span> <span class='ocrx_word' id='word_1_327' title='bbox 1409 2549 1455 2584; x_wconf 86' lang='lat' dir='ltr'>ad</span> <span class='ocrx_word' id='word_1_328' title='bbox 1480 2550 1516 2583; x_wconf 89' lang='lat' dir='ltr'><em>B</em></span> <span class='ocrx_word' id='word_1_329' title='bbox 1540 2552 1577 2584; x_wconf 89' lang='lat' dir='ltr'>te</span> <span class='ocrx_word' id='word_1_330' title='bbox 1607 2550 1640 2584; x_wconf 88' lang='lat' dir='ltr'><strong><em>G</em></strong></span> 
     </span>
     <span class='ocr_line' id='line_1_38' title="bbox 108 2605 1639 2644; baseline 0.002 -5"><span class='ocrx_word' id='word_1_331' title='bbox 108 2605 299 2640; x_wconf 82' lang='lat' dir='ltr'>auellimur</span> <span class='ocrx_word' id='word_1_332' title='bbox 323 2606 367 2641; x_wconf 88' lang='lat' dir='ltr'><strong><em>K</em></strong></span> <span class='ocrx_word' id='word_1_333' title='bbox 432 2608 476 2642; x_wconf 84' lang='lat'>12</span> <span class='ocrx_word' id='word_1_334' title='bbox 501 2607 612 2642; x_wconf 87' lang='lat' dir='ltr'>liceat</span> <span class='ocrx_word' id='word_1_335' title='bbox 636 2609 673 2642; x_wconf 90' lang='lat' dir='ltr'>in</span> <span class='ocrx_word' id='word_1_336' title='bbox 694 2608 729 2642; x_wconf 89' lang='grc' dir='ltr'><strong><em>Β</em></strong></span> <span class='ocrx_word' id='word_1_337' title='bbox 797 2609 841 2643; x_wconf 87' lang='grc'>14</span> <span class='ocrx_word' id='word_1_338' title='bbox 867 2609 904 2643; x_wconf 92' lang='lat' dir='ltr'>in</span> <span class='ocrx_word' id='word_1_339' title='bbox 931 2619 997 2644; x_wconf 88' lang='lat' dir='ltr'>om.</span> <span class='ocrx_word' id='word_1_340' title='bbox 1025 2609 1061 2643; x_wconf 89' lang='grc' dir='ltr'><strong><em>Β</em></strong></span> <span class='ocrx_word' id='word_1_341' title='bbox 1133 2611 1255 2643; x_wconf 77' lang='lat' dir='ltr'>monte</span> <span class='ocrx_word' id='word_1_342' title='bbox 1280 2609 1316 2643; x_wconf 88' lang='grc' dir='ltr'><strong><em>Β</em></strong></span> <span class='ocrx_word' id='word_1_343' title='bbox 1392 2610 1434 2644; x_wconf 93' lang='grc'>16</span> <span class='ocrx_word' id='word_1_344' title='bbox 1461 2608 1584 2643; x_wconf 87' lang='lat' dir='ltr'>fasciis</span> <span class='ocrx_word' id='word_1_345' title='bbox 1604 2608 1639 2642; x_wconf 91' lang='lat' dir='ltr'><em>B</em></span> 
     </span>
     <span class='ocr_line' id='line_1_39' title="bbox 109 2663 1638 2714; baseline 0.003 -17"><span class='ocrx_word' id='word_1_346' title='bbox 109 2663 293 2699; x_wconf 81' lang='lat' dir='ltr'>iordannis</span> <span class='ocrx_word' id='word_1_347' title='bbox 323 2664 357 2700; x_wconf 84' lang='lat' dir='ltr'><strong><em>G</em></strong></span> <span class='ocrx_word' id='word_1_348' title='bbox 409 2666 451 2700; x_wconf 82' lang='lat'>18</span> <span class='ocrx_word' id='word_1_349' title='bbox 476 2666 652 2701; x_wconf 87' lang='lat' dir='ltr'>mausolio</span> <span class='ocrx_word' id='word_1_350' title='bbox 678 2667 714 2700; x_wconf 93' lang='grc' dir='ltr'><strong><em>Β</em></strong></span> <span class='ocrx_word' id='word_1_351' title='bbox 739 2667 923 2703; x_wconf 82' lang='lat' dir='ltr'>mansuleo</span> <span class='ocrx_word' id='word_1_352' title='bbox 950 2667 995 2702; x_wconf 89' lang='lat' dir='ltr'><strong><em>K</em></strong></span> <span class='ocrx_word' id='word_1_353' title='bbox 1063 2679 1142 2703; x_wconf 87' lang='lat' dir='ltr'>amo</span> <span class='ocrx_word' id='word_1_354' title='bbox 1168 2668 1345 2714; x_wconf 82' lang='lat' dir='ltr'>propheta</span> <span class='ocrx_word' id='word_1_355' title='bbox 1371 2668 1406 2702; x_wconf 92' lang='lat' dir='ltr'><em>B</em></span> <span class='ocrx_word' id='word_1_356' title='bbox 1458 2668 1500 2702; x_wconf 88' lang='grc'>19</span> <span class='ocrx_word' id='word_1_357' title='bbox 1528 2672 1638 2702; x_wconf 73' lang='grc' dir='ltr'>81ιέ-</span> 
     </span>
     <span class='ocr_line' id='line_1_40' title="bbox 111 2723 1640 2772; baseline 0.003 -16"><span class='ocrx_word' id='word_1_358' title='bbox 111 2728 197 2768; x_wconf 75' lang='lat' dir='ltr'>rupe</span> <span class='ocrx_word' id='word_1_359' title='bbox 222 2723 259 2756; x_wconf 93' lang='grc' dir='ltr'><strong><em>Β</em></strong></span> <span class='ocrx_word' id='word_1_360' title='bbox 379 2724 582 2769; x_wconf 86' lang='lat' dir='ltr'>prospicere</span> <span class='ocrx_word' id='word_1_361' title='bbox 607 2737 632 2770; x_wconf 77' lang='grc' dir='ltr'><strong><em>ς</em></strong></span> <span class='ocrx_word' id='word_1_362' title='bbox 753 2726 944 2762; x_wconf 79' lang='lat' dir='ltr'>abracham</span> <span class='ocrx_word' id='word_1_363' title='bbox 970 2727 1013 2761; x_wconf 86' lang='lat' dir='ltr'><strong><em>K</em></strong></span> <span class='ocrx_word' id='word_1_364' title='bbox 1124 2727 1256 2772; x_wconf 86' lang='lat' dir='ltr'>ysahac</span> <span class='ocrx_word' id='word_1_365' title='bbox 1281 2727 1318 2760; x_wconf 84' lang='lat' dir='ltr'><em>B</em></span> <span class='ocrx_word' id='word_1_366' title='bbox 1433 2729 1470 2761; x_wconf 91' lang='lat' dir='ltr'>et</span> <span class='ocrx_word' id='word_1_367' title='bbox 1493 2737 1522 2761; x_wconf 81' lang='lat'>3.</span> <span class='ocrx_word' id='word_1_368' title='bbox 1549 2726 1573 2761; x_wconf 84' lang='lat' dir='ltr'>l.</span> <span class='ocrx_word' id='word_1_369' title='bbox 1598 2726 1640 2761; x_wconf 90' lang='lat' dir='ltr'><strong><em>K</em></strong></span> 
     </span>
     <span class='ocr_line' id='line_1_41' title="bbox 109 2782 1637 2831; baseline 0.003 -16"><span class='ocrx_word' id='word_1_370' title='bbox 109 2782 153 2816; x_wconf 77' lang='lat'>21</span> <span class='ocrx_word' id='word_1_371' title='bbox 182 2782 356 2828; x_wconf 88' lang='lat' dir='ltr'>phylippo</span> <span class='ocrx_word' id='word_1_372' title='bbox 383 2782 426 2818; x_wconf 90' lang='lat' dir='ltr'><strong><em>K</em></strong></span> <span class='ocrx_word' id='word_1_373' title='bbox 447 2783 584 2829; x_wconf 85' lang='lat' dir='ltr'>pilippo</span> <span class='ocrx_word' id='word_1_374' title='bbox 614 2784 648 2819; x_wconf 90' lang='lat' dir='ltr'><strong><em>G</em></strong></span> <span class='ocrx_word' id='word_1_375' title='bbox 721 2785 766 2820; x_wconf 83' lang='lat'>22</span> <span class='ocrx_word' id='word_1_376' title='bbox 794 2797 951 2821; x_wconf 87' lang='lat' dir='ltr'>eunucus</span> <span class='ocrx_word' id='word_1_377' title='bbox 977 2787 1013 2820; x_wconf 89' lang='lat' dir='ltr'><em>B</em></span> <span class='ocrx_word' id='word_1_378' title='bbox 1109 2788 1231 2821; x_wconf 84' lang='lat' dir='ltr'>tentus</span> <span class='ocrx_word' id='word_1_379' title='bbox 1257 2786 1292 2820; x_wconf 89' lang='lat' dir='ltr'><em>B</em></span> <span class='ocrx_word' id='word_1_380' title='bbox 1364 2786 1409 2821; x_wconf 87' lang='lat'>23</span> <span class='ocrx_word' id='word_1_381' title='bbox 1436 2785 1637 2831; x_wconf 87' lang='lat' dir='ltr'>helis(ssG)</span> 
     </span>
     <span class='ocr_line' id='line_1_42' title="bbox 109 2841 1198 2890; baseline 0.004 -16"><span class='ocrx_word' id='word_1_382' title='bbox 109 2841 330 2886; x_wconf 86' lang='lat' dir='ltr'>ae(eB)ique</span> <span class='ocrx_word' id='word_1_383' title='bbox 359 2841 472 2876; x_wconf 90' lang='lat' dir='ltr'>GKB</span> <span class='ocrx_word' id='word_1_384' title='bbox 498 2842 622 2878; x_wconf 87' lang='lat' dir='ltr'>elisaei</span> <span class='ocrx_word' id='word_1_385' title='bbox 648 2855 789 2889; x_wconf 91' lang='lat' dir='ltr'>quoque</span> <span class='ocrx_word' id='word_1_386' title='bbox 814 2856 838 2889; x_wconf 77' lang='lat' dir='ltr'>g</span> <span class='ocrx_word' id='word_1_387' title='bbox 934 2844 1076 2890; x_wconf 87' lang='lat' dir='ltr'>ingredi</span> <span class='ocrx_word' id='word_1_388' title='bbox 1101 2845 1137 2879; x_wconf 87' lang='lat' dir='ltr'>in</span> <span class='ocrx_word' id='word_1_389' title='bbox 1163 2845 1198 2878; x_wconf 93' lang='lat' dir='ltr'><em>B</em></span> 
     </span>
    </p>
   </div>
  </div>
 </body>
</html>
