1884 3254
267 240 353 281 216
786 236 939 273 Sancti
963 236 1218 282 Hieronymi

266 365 433 408 domino
461 365 733 418 consecrauit,
752 366 801 406 ut
823 364 1089 418 intellegeret
1113 364 1311 406 uniuersa
1337 365 1528 419 cognatio
1555 378 1634 408 non
1661 378 1783 420 posse

269 436 307 478 ei
337 436 450 478 aliud
477 435 725 489 extorqueri,
758 447 864 488 quae
888 434 970 476 iam
999 435 1216 476 saeculum
1243 434 1483 477 damnasset
1513 436 1555 477 in
1581 436 1785 478 uestibus.

327 507 366 547 4.
388 505 484 556 Sed,
507 510 556 548 ut
580 505 715 547 dicere
741 516 1025 558 coeperamus,
1050 504 1111 545 ita
1137 517 1182 546 se
1208 516 1372 558 semper
1399 505 1610 547 moderate
1636 505 1786 548 habuit

269 579 311 618 et
346 576 454 618 intra
491 575 677 618 cubiculi
715 575 781 616 sui
820 576 981 616 secreta
1025 574 1240 624 custodiit,
1278 576 1328 616 ut
1369 587 1599 628 numquam
1636 575 1785 629 pedem

268 646 469 699 proferret
504 645 546 686 in
583 645 816 698 publicum,
854 656 1083 698 numquam
1126 644 1208 686 uiri
1251 646 1397 686 nosset
1440 644 1687 699 adloquium
1730 647 1786 695 et,
1828 659 1846 686 5
1872 657 1875 706 j

270 715 381 769 quod
411 715 545 771 magis
578 715 635 757 sit
665 714 966 764 admirandum,
994 710 1178 756 sororem
1211 714 1416 768 uirginem
1449 717 1608 757 amaret
1630 715 1789 768 potius,

271 799 394 839 quam
428 786 604 828 uideret.
637 785 887 840 operabatur
917 785 1112 826 manibus
1145 785 1234 827 suis
1267 785 1404 827 sciens
1437 785 1640 839 scriptum
1675 798 1788 828 esse:

243 857 356 910 'qui
394 869 491 898 non
530 858 798 910 operatur,
829 868 921 897 nec
955 855 1251 898 manducet.
1285 867 1438 910 sponso
1471 858 1546 898 aut
1577 868 1699 898 orans
1729 856 1788 899 lo-

271 927 476 980 quebatur
507 929 580 969 aut
610 926 809 980 psallens,
843 925 895 967 ad
925 926 1157 979 martyrum
1188 925 1335 966 limina
1365 939 1496 979 paene
1527 926 1674 968 inuisa
1697 938 1790 980 pro-

271 997 442 1050 perabat
478 999 533 1048 et,
572 1009 668 1039 cum
709 997 912 1050 gauderet
950 996 1167 1050 proposito
1207 1008 1298 1045 suo,
1337 996 1379 1037 in
1417 1009 1464 1039 eo
1496 996 1791 1039 uehementius
1818 1011 1852 1039 ιο

272 1067 497 1119 exultabat,
542 1067 653 1120 quod
696 1079 741 1109 se
784 1066 928 1108 nullus
978 1067 1235 1120 agnosceret.
1283 1078 1465 1119 cumque
1507 1078 1581 1120 per
1626 1078 1789 1108 omnem

272 1151 424 1180 annum
449 1137 540 1193 iugi
563 1137 720 1179 ieiunio
752 1139 994 1190 pasceretur
1025 1135 1153 1178 biduo
1185 1135 1411 1189 triduoque
1443 1136 1505 1179 sic
1530 1148 1791 1190 permanens,

271 1210 362 1250 tum
400 1220 499 1250 uero
537 1208 579 1250 in
618 1207 945 1262 quadragesima,
976 1207 1135 1261 nauigii
1174 1207 1241 1248 sui
1279 1208 1375 1264 uela
1411 1207 1610 1249 tendebat
1649 1219 1792 1249 omnes

271 1292 400 1332 paene
438 1274 693 1322 ebdomadas
730 1279 856 1320 uultu
893 1278 1077 1319 laetante
1116 1277 1388 1332 coniungens.
1426 1279 1482 1327 et,
1513 1277 1625 1331 quod
1655 1277 1795 1331 inpos-

272 1350 394 1392 sibile
424 1350 600 1392 forsitan
633 1349 875 1391 hominibus
909 1348 960 1390 ad
992 1348 1244 1390 credendum
1281 1348 1356 1389 deo
1388 1349 1627 1402 praestante
1659 1348 1794 1402 possi·
1818 1364 1853 1391 15

274 1421 354 1462 bile
392 1422 471 1470 est,
508 1421 569 1462 ita
611 1420 663 1461 ad
707 1419 1108 1474 quinquagenariam
1151 1419 1343 1471 peruenit
1387 1420 1582 1470 aetatem,
1623 1421 1672 1460 ut
1713 1430 1793 1461 non

273 1491 432 1533 doleret
456 1491 714 1541 stomachus,
741 1504 821 1532 non
846 1490 1058 1541 uiscerum
1091 1490 1348 1531 cruciaretur
1378 1489 1550 1540 incuria,
1576 1494 1656 1531 non
1683 1489 1795 1532 sicca

272 1561 426 1603 humus
455 1561 636 1603 iacentia
666 1548 1170 1614 membra'confringeren
1197 1572 1278 1601 non
1311 1572 1432 1601 sacco
1465 1562 1658 1613 asperata
1683 1559 1793 1602 cutis

271 1632 445 1674 fetorem
471 1631 653 1685 aliquem
679 1631 893 1685 situmque
920 1631 1196 1681 contraheret,
1218 1630 1291 1672 sed
1318 1643 1418 1672 sana
1444 1643 1628 1684 corpore,
1656 1630 1794 1673 anim0

275 1702 411 1744 sanior
448 1702 720 1744 solitudinem
758 1703 927 1755 putaret
963 1714 1056 1743 esse
1095 1701 1265 1742 delicias
1313 1703 1355 1743 et
1397 1701 1438 1742 in
1484 1701 1588 1743 urbe
1625 1701 1795 1743 turbida
1819 1718 1857 1746 so

273 1772 480 1815 inueniret
510 1773 727 1814 heremum
759 1772 1071 1815 monachorum.

333 1843 370 1885 5.
396 1843 451 1884 Et
482 1843 584 1885 haec
611 1842 781 1896 quidem
811 1845 861 1884 tu
893 1842 1046 1884 melius
1080 1843 1207 1893 nosti,
1235 1855 1258 1883 a
1291 1854 1373 1895 qua
1402 1855 1536 1896 pauca
1569 1842 1793 1885 didicimus

276 1915 318 1954 et
349 1913 469 1955 cuius
509 1913 643 1956 oculis
683 1913 858 1955 durities
891 1913 940 1954 de
973 1913 1150 1968 genibus
1185 1913 1439 1955 camelorum
1470 1913 1513 1954 in
1543 1913 1617 1955 illo
1650 1915 1794 1955 sancto

393 2073 414 2107 8
441 2073 496 2107 *ΙΙ
521 2073 645 2108 Thess.
672 2074 706 2117 3,
735 2074 778 2108 lo

326 2166 342 2199 1
371 2165 545 2210 cogitatio
571 2166 605 2200 L
701 2177 806 2211 posse
832 2178 869 2201 se
894 2165 947 2200 Β2
1019 2167 1040 2200 2
1068 2167 1110 2202 al.
1137 2168 1168 2201 ei
1192 2178 1216 2211 g
1312 2167 1612 2212 condempnasset
1635 2167 1687 2201 Βι
1758 2167 1795 2202 in

277 2234 344 2258 om.
370 2223 422 2258 Βι
519 2225 656 2259 estibus
675 2224 726 2260 Β1
800 2226 821 2261 3
846 2236 884 2260 se
910 2236 978 2260 om.
997 2225 1031 2259 L
1103 2228 1126 2260 4
1152 2226 1326 2260 custodiit
1350 2226 1482 2270 scripsi
1508 2226 1667 2260 custodit
1685 2225 1797 2261 LIID

279 2282 477 2317 custodiuit
500 2284 536 2318 B
644 2285 665 2318 6
692 2286 740 2318 sit
763 2295 792 2320 8.
819 2286 842 2320 l.
869 2285 902 2318 L
1023 2296 1178 2320 sororem
1204 2295 1271 2321 om.
1298 2285 1338 2319 D
1440 2286 1461 2320 8
1486 2296 1551 2319 nec
1579 2285 1612 2320 B
1636 2296 1707 2319 non
1733 2289 1795 2320 eet.

278 2342 420 2386 loqueb.
447 2354 513 2378 om.
539 2343 574 2376 L
670 2344 691 2378 9
716 2344 875 2388 psallans
901 2343 935 2377 L
1054 2345 1264 2388 martyrium
1289 2344 1324 2379 L
1434 2345 1474 2378 11
1502 2346 1733 2388 cognosceret
1757 2343 1797 2379 D

281 2401 324 2435 12
349 2401 438 2445 iugii
463 2402 575 2436 ieiuni
600 2402 634 2435 L
729 2402 895 2437 triduoue
921 2402 973 2437 Β1
1060 2404 1102 2438 13
1127 2406 1203 2438 tum
1230 2402 1281 2438 B¹
1306 2407 1393 2438 tunc
1418 2407 1480 2438 cet.
1577 2403 1733 2448 nauigiis
1758 2403 1798 2438 D

281 2459 335 2493 sui
361 2470 428 2493 mn.
454 2460 492 2494 D
566 2461 609 2495 14
635 2461 738 2494 uultu
764 2461 848 2495 laet.
877 2462 966 2495 coni.
995 2473 1027 2496 0.
1052 2474 1086 2507 p.
1114 2461 1193 2498 ebd.
1221 2462 1254 2496 L
1350 2462 1503 2496 laetanti
1529 2462 1566 2496 11
1587 2462 1726 2497 latente
1745 2461 1796 2496 Βι

283 2518 325 2552 15
351 2518 479 2563 forsit]
508 2521 563 2553 est
588 2518 671 2553 fors.
697 2519 783 2554 LB¹
810 2520 893 2554 fors.
921 2523 976 2554 est
999 2532 1023 2564 g
1100 2521 1237 2555 homiui
1263 2520 1327 2556 sed
1352 2521 1581 2555 credentibus
1606 2520 1658 2554 Β1
1729 2520 1796 2556 deo

281 2579 400 2610 autem
424 2587 449 2620 ς
535 2576 576 2611 16
605 2579 660 2611 est
684 2588 752 2612 om.
777 2577 829 2612 B²
926 2579 1222 2623 quinquenariam
1247 2581 1353 2622 (corr.
1379 2579 1735 2623 quinquegenariaiu)
1762 2579 1800 2614 Π

281 2646 379 2680 pern.
405 2638 442 2670 et
466 2635 505 2670 D
600 2636 653 2681 ut]
681 2640 717 2671 et
741 2637 775 2671 L
851 2637 891 2671 17
919 2638 1141 2672 stomachum
1168 2638 1204 2672 B
1307 2637 1535 2683 cruciaretur]
1562 2649 1603 2672 ur
1627 2648 1720 2674 eras.
1746 2637 1799 2672 13²

282 2695 412 2729 iniuria
437 2695 471 2728 B
579 2695 630 2730 sic
656 2706 800 2730 caumus
825 2695 858 2729 L
946 2696 988 2730 18
1016 2699 1156 2740 asperat
1183 2696 1217 2730 L
1243 2707 1386 2742 aspersa
1411 2696 1532 2731 B¹a.c.
1613 2696 1657 2731 19
1681 2696 1796 2731 faeto—

284 2764 355 2788 rem
382 2753 415 2787 L
512 2765 598 2788 sano
623 2753 735 2789 LIID
831 2754 950 2789 anima
973 2765 997 2798 ς
1057 2755 1102 2789 20
1129 2766 1204 2789 esse
1231 2758 1307 2800 put.
1334 2755 1369 2789 L
1429 2755 1474 2789 22
1502 2756 1551 2799 et]
1581 2759 1618 2790 et
1643 2766 1720 2789 cuin
1746 2752 1799 2790 B²

284 2822 353 2856 quo
382 2812 454 2846 IID
526 2813 570 2846 23
598 2812 742 2847 duriciis
767 2811 819 2847 Β1

1877 2228 1884 2268 Α
1876 2065 1884 2216 Λ--Αιη
1879 2003 1884 2054 .-....
1878 1972 1884 1990 Δ.
1878 1902 1884 1946 ...m
