1884 3254
831 366 958 408 LXII.

131 462 207 503 AD
252 460 735 513 TRANQUILLINUM,
780 460 1059 512 QUOMODO
1105 461 1400 510 ORIGENEM
1439 462 1658 506 LEGERE

735 532 1055 576 DEBEAMUS.

193 629 228 669 1.
272 626 432 669 Maiora
475 626 650 681 spiritus
694 627 867 668 uincula
909 640 1001 669 esse
1047 641 1171 682 quam
1216 641 1437 683 corporum
1482 630 1518 671 si
1556 630 1658 672 olim

91 712 108 739 5
131 698 385 753 ambigebas,
412 710 522 740 nunc
546 697 835 752 probauimus,
863 698 963 739 dum
992 700 1034 740 et
1058 699 1162 740 mihi
1189 700 1390 742 sanctitas
1417 702 1492 742 tua
1515 700 1660 742 haeret

0 814 3 817 ,
129 769 268 810 animo
313 771 355 811 et
398 781 474 824 ego
518 768 598 810 tibi
644 768 801 811 Christi
846 781 984 810 amore
1029 770 1272 825 coniungor.
1317 783 1415 813 uere
1461 770 1571 813 enim
1615 773 1658 812 et

0 853 25 896 r·
129 838 378 892 simpliciter
433 838 730 881 candidissimo
786 839 946 894 pectori
995 841 1069 882 tuo
1119 840 1286 894 loquor:
1344 841 1437 894 ipsa
1493 840 1657 883 scidula

0 897 12 952 'r'
129 911 171 951 et
212 909 320 951 muti
364 909 503 964 apices
540 909 776 951 litterarum
815 909 975 963 spirant
1010 910 1051 951 in
1091 923 1167 952 nos
1205 913 1303 952 tuae
1342 911 1496 954 mentis
1536 910 1657 952 affec-

0 966 7 986 ⁵
126 982 231 1021 tum.

0 1043 2 1104 ff
70 1062 104 1090 10
187 1052 224 1092 2.
264 1049 387 1102 Quod
424 1050 528 1092 dicis
561 1049 755 1104 Origenis
791 1051 949 1092 multos
989 1063 1124 1093 errore
1157 1050 1355 1104 deceptos
1389 1053 1432 1093 et
1462 1054 1655 1094 sanctum

125 1120 260 1163 filium
304 1135 443 1164 meum
484 1122 699 1165 Oceanum
734 1122 905 1164 illorum
941 1121 1124 1164 insaniae
1162 1135 1409 1178 repugnare,
1455 1125 1496 1165 et
1533 1123 1654 1165 doleo

127 1192 257 1234 simul
294 1195 335 1234 et
372 1193 549 1248 gaudeo,
589 1193 690 1234 dum
723 1195 796 1235 aut
828 1193 1086 1247 subplantati
1118 1195 1218 1235 sunt
1250 1193 1464 1247 simplices
1497 1195 1571 1236 aut
1602 1194 1653 1236 ab

126 1263 290 1304 erudito
334 1263 426 1305 uiro
470 1263 705 1305 errantibus
749 1263 1010 1305 subuenitur.
1054 1266 1096 1305 et
1125 1263 1238 1321 ‘quia
1273 1276 1392 1306 meae
1429 1264 1652 1318 paruitatis

124 1334 289 1387 quaeris
315 1334 580 1384 sententiam,
607 1337 749 1376 utrum
769 1334 1001 1376 secundum
1021 1334 1191 1376 fratrem
1212 1334 1462 1376 Faustinum
1483 1335 1652 1389 penitus

66 1417 101 1444 ιε)
124 1405 385 1459 respuendus
411 1405 468 1448 sit
492 1418 543 1464 an
569 1405 801 1448 secundum
828 1405 1034 1459 quosdam
1059 1405 1266 1460 legendus
1287 1431 1343 1435 —
1364 1418 1412 1448 ex
1431 1405 1508 1448 hac
1534 1408 1653 1460 parte
1718 1427 1721 1431 ·

125 1488 202 1530 ego
228 1501 299 1525 ——‚
327 1474 551 1530 Origenem
583 1477 753 1530 propter
783 1475 1061 1518 eruditionem
1093 1476 1154 1517 sic
1185 1475 1394 1517 interdum
1425 1476 1652 1531 legendum

126 1547 314 1598 arbitror,
360 1547 570 1601 quomodo
616 1546 923 1589 Tertullianum
976 1549 1017 1589 et
1059 1546 1290 1598 Nouatum,
1334 1546 1567 1589 Arnobium
1612 1550 1654 1589 et

124 1618 408 1672 Apollinarem
466 1620 508 1660 et
555 1618 779 1660 nonnullos
830 1617 1142 1660 ecclesiasticos
1194 1617 1421 1671 scriptores
1474 1616 1656 1660 Graecos

125 1689 280 1743 pariter
317 1690 360 1730 et
390 1689 575 1740 Latinos,
614 1690 664 1730 ut
700 1689 809 1731 bona
841 1701 986 1731 eorum
1019 1688 1225 1743 eligamus
1258 1689 1529 1743 uitemusque
1563 1701 1658 1731 con-

0 0 45 310 !
506 228 512 231 ¹
619 236 827 283 Epistula
850 237 933 272 LXI
956 237 1127 273 4-LXI1
1152 238 1173 272 2
1574 243 1659 284 583

0 674 6 745 ῑῖ

266 1828 310 1863 Κ
338 1845 382 1858 =
409 1828 661 1873 Spinaliensis
690 1830 740 1863 68
765 1839 793 1866 8.
826 1828 941 1863 VIII.

267 1888 308 1923 F
340 1905 384 1918 =
418 1888 634 1923 Veronensis
659 1888 772 1924 XVI.
797 1890 845 1923 14
869 1899 896 1923 8.
926 1888 997 1923 IX.

265 1947 305 1982 D
336 1963 381 1976 =
414 1947 619 1981 Vaticanus
644 1947 710 1981 lat.
739 1945 973 1991 355—4—356
998 1956 1024 1981 s.
1054 1945 1213 1979 IX—X.

265 2006 309 2041 N
335 2022 380 2035 =
410 2006 622 2041 Casinensis
648 2007 730 2041 295
753 2018 782 2041 s.
809 2006 858 2040 X.

269 2064 300 2110 Q
334 2081 378 2095 =
406 2065 614 2101 Duae-ensis
639 2067 728 2101 247>
745 2077 773 2100 s.
801 2065 873 2100 XI.

265 2124 301 2158 Β
335 2140 380 2154 =
406 2124 658 2160 Berolinensis
683 2125 751 2159 lat.
777 2126 825 2158 18
848 2135 876 2158 8.
904 2124 1001 2158 XII.

168 2243 189 2276 2
217 2241 262 2276 ad
286 2241 572 2286 tranquillinum,
597 2240 775 2286 quomodo
803 2241 986 2286 origenem
1012 2241 1205 2285 (originem
1231 2240 1287 2284 K)
1310 2240 1431 2285 legere
1458 2239 1652 2274 debeamus

122 2300 309 2342 (debemus
328 2300 372 2335 N
393 2299 524 2335 debeat
542 2300 593 2341 D>
621 2299 811 2346 KDNQB
836 2300 881 2334 ad
906 2299 1181 2345 tranquillinum
1201 2299 1240 2334 F
1244 2312 1255 2341 ,·
1279 2299 1501 2344 Hieronymi
1523 2309 1652 2333 nomen

120 2360 290 2396 exhibent
315 2361 417 2395 tituli
440 2360 482 2394 in
507 2359 620 2406 DNQ
714 2361 738 2394 4
762 2359 899 2394 maiore
923 2359 968 2394 N
1059 2359 1178 2405 uinchg
1205 2358 1246 2393 N
1333 2360 1354 2394 5
1381 2357 1650 2402 ambigebamus

121 2419 406 2464 Kp.c.m2FDB
502 2418 694 2464 probamus
719 2418 759 2453 N
854 2418 956 2463 mihi]
984 2429 1063 2453 meo
1091 2418 1134 2452 N
1226 2419 1339 2453 sanct.
1368 2428 1435 2452 om.
1462 2416 1501 2451 F
1587 2418 1651 2450 tua

120 2478 257 2524 haeret]
284 2478 446 2512 traheret
470 2477 510 2512 F
581 2478 600 2512 7
627 2476 768 2512 scidula
793 2477 837 2511 N
857 2479 929 2521 sc(c
948 2477 1118 2523 s.l.D)e(‹3
1136 2475 1274 2523 B)dula
1300 2475 1452 2521 KDQB
1477 2474 1648 2509 schedula

119 2538 154 2582 (e
181 2548 224 2573 em
249 2538 275 2581 i)
300 2537 340 2571 F
410 2537 431 2573 8
457 2537 637 2582 inspirant
660 2536 700 2572 D
796 2547 862 2571 nos
887 2537 989 2582 tuae]
1015 2538 1162 2571 nostrae
1188 2535 1226 2570 F
1299 2535 1343 2570 10
1370 2534 1471 2568 mult.
1499 2534 1587 2578 orig.
1613 2533 1649 2567 B

122 2597 163 2630 11
191 2596 332 2631 insania
355 2595 432 2631 FD
553 2596 596 2630 12
624 2595 739 2640 simpl.
769 2606 837 2630 om.
869 2595 899 2636 Q
1009 2596 1052 2630 13
1078 2595 1271 2640 prauitatis
1298 2596 1412 2639 (paru.
1438 2593 1479 2627 in
1504 2593 1585 2636 my.)
1610 2591 1649 2625 1)

122 2656 165 2690 14
192 2657 283 2690 sent.
309 2655 428 2700 queris
453 2655 489 2690 B
589 2655 632 2689 15
658 2655 726 2689 hac
752 2654 838 2700 KQ,
864 2665 933 2690 om.
959 2658 1021 2689 eet.
1123 2654 1165 2688 16
1192 2654 1275 2698 ego]
1304 2653 1395 2688 enim
1423 2652 1462 2686 D
1577 2651 1647 2685 ori-

120 2725 235 2759 genen
260 2714 301 2750 N
417 2713 610 2760 legendum
637 2724 704 2749 om.
731 2713 770 2748 N
903 2714 946 2748 17
972 2713 1205 2748 tertulianum
1232 2712 1272 2747 F
1382 2722 1441 2755 pr.
1469 2712 1506 2745 et
1531 2720 1599 2745 om.
1623 2720 1648 2754 ς

121 2772 305 2808 arbobium
331 2772 369 2808 F
481 2774 546 2808 alt.
573 2775 610 2808 et
635 2783 702 2807 om.
728 2783 751 2817 g
849 2772 893 2807 18
920 2783 1000 2817 app.
1027 2771 1107 2806 ΚΓ
1128 2770 1375 2816 apollinarium
1401 2781 1424 2814 g
1523 2768 1566 2803 19
1592 2769 1646 2814 ut]

121 2835 156 2867 et
184 2831 216 2877 Q
311 2832 474 2877 legamus
499 2831 539 2865 F
633 2831 789 2866 uitemus
815 2831 855 2864 F

1105 2941 1127 2952 ae·
