1884 3254
71 1047 104 1076 10

71 1403 104 1431 15

4 1786 26 1811 ,Χ
70 1759 105 1788 20

696 265 902 312 Epistula
925 265 988 302 LV
1013 266 1035 301 3
1061 266 1113 310 (5)
1577 269 1662 311 491

133 398 197 439 et:
230 408 344 438 curn
377 396 652 438 exaltatus
685 395 852 447 fuero,
881 396 1055 438 omnia
1086 395 1295 438 traham
1327 395 1387 438 ad
1419 398 1522 439 me?
1549 395 1664 439 Chri-

134 470 226 509 stus
258 466 300 509 in
332 466 414 517 his,
448 466 520 520 qui
551 466 697 509 fideles
731 469 844 516 sunt,
877 467 1097 509 subiectus
1130 468 1196 509 est
1225 466 1348 521 patri,
1388 466 1489 521 quia
1519 479 1664 509 omnes

132 537 364 589 credentes,
389 537 519 580 immo
547 550 669 580 omne
695 537 915 580 hominum
942 550 1088 593 genus,
1116 537 1302 591 corporis
1322 537 1458 592 ipsius
1477 537 1667 580 membra

130 610 394 663 reputantur.
431 608 474 650 in
506 608 573 650 his
613 610 770 660 autem,
810 609 882 663 qui
918 608 1124 651 increduli
1164 609 1276 659 sunt,
1308 608 1353 651 id
1385 610 1452 651 est
1481 608 1663 659 Iudaeis,

131 678 325 730 ethnicis,
363 678 575 730 hereticis,
613 679 878 722 insubiectus
912 679 1079 731 dicitur,
1118 679 1217 733 quia
1247 691 1342 734 pars
1380 679 1665 722 membrorum

131 749 220 791 eius
253 762 333 792 non
368 751 434 792 est
466 749 659 799 subiecta
689 749 800 793 fidei.
841 750 884 792 in
915 749 996 791 fine
1029 752 1171 792 autem
1203 749 1365 801 mundi,
1398 762 1494 793 cum
1527 750 1666 793 omnia

131 820 318 863 membra
357 823 599 876 regnantem
642 821 826 863 uiderint
863 820 1094 872 Christum,
1137 821 1181 863 id
1219 823 1285 863 est
1325 833 1477 875 corpus
1522 833 1663 873 suum,

130 890 257 933 etiam
289 891 383 946 ipsa
420 891 683 934 subiciantur
715 891 896 945 Christo,
933 891 978 934 id
1016 894 1082 934 est
1120 891 1284 946 corpori
1322 904 1413 943 suo,
1453 894 1503 934 ut
1540 904 1662 934 omne

131 962 288 1005 Christi
319 968 472 1017 corpus
499 962 734 1005 subiciatur
759 963 835 1006 deo
862 965 906 1006 et
930 963 1039 1018 patri
1065 965 1108 1005 et
1139 963 1214 1006 sit
1245 962 1374 1006 deus
1407 964 1582 1006 omnia
1611 963 1662 1005 in

130 1033 386 1076 omni-bus.
418 1046 500 1077 non
533 1034 612 1077 ait:
645 1035 706 1077 ‘ut
738 1034 795 1077 sit
825 1036 944 1089 pater
975 1034 1115 1077 omnia
1145 1034 1186 1077 in
1220 1034 1444 1086 omnibus',
1468 1035 1565 1078 sed:
1601 1037 1664 1077 ‘ut

129 1104 262 1156 deus‘‚
296 1105 408 1159 quod
439 1105 656 1160 proprium
688 1117 839 1148 nomen
873 1107 939 1148 est
968 1105 1171 1148 trinitatis
1203 1107 1247 1148 et
1284 1107 1372 1148 tam
1411 1105 1462 1148 ad
1501 1107 1661 1160 patrem

130 1189 255 1231 quam
290 1176 342 1218 ad
374 1176 509 1219 filium
544 1179 587 1219 et
618 1176 814 1230 spiritum
846 1178 1040 1219 sanctum
1071 1176 1217 1219 referri
1241 1178 1397 1231 potest,
1437 1179 1487 1220 ut
1517 1176 1662 1219 huma-

128 1248 239 1290 nitas
266 1247 500 1290 subiciatur
526 1247 752 1290 diuinitati.
780 1247 1086 1290 humanitatem
1105 1247 1147 1289 in
1166 1248 1246 1290 hoc
1266 1247 1359 1291 Ioco
1381 1247 1561 1291 dicimus
1581 1261 1661 1291 non

128 1318 497 1366 mansuetudinem
549 1320 592 1360 et
641 1318 926 1370 clementiam,
982 1324 1125 1372 quam'
1159 1316 1308 1361 Graeci
1358 1316 1660 1376 φιλανθρωπίαν

129 1391 296 1440 uocant,
342 1389 415 1431 sed
455 1402 576 1432 omne
615 1389 835 1432 hominum
873 1402 1020 1445 genus.
1062 1402 1199 1444 porro,
1232 1389 1345 1444 quod
1377 1389 1454 1432 ait:
1492 1391 1551 1432 ut
1588 1389 1664 1432 sit

130 1460 259 1503 deus
310 1460 484 1503 omnia
532 1460 584 1502 in
635 1460 897 1512 omnibus,
944 1460 1025 1503 hoc
1069 1472 1195 1503 sensu
1239 1459 1530 1516 accipiendum
1576 1463 1660 1504 est:

130 1531 326 1575 dominus
358 1534 484 1586 atque
516 1532 705 1574 saluator
735 1544 846 1574 nunc
879 1531 1018 1574 omnia
1048 1545 1130 1575 non
1163 1534 1228 1575 est
1264 1531 1306 1574 in
1344 1532 1550 1584 omnibus,
1589 1532 1663 1575 sed

129 1615 224 1658 pars
249 1603 292 1645 in
319 1603 501 1658 singulis
522 1627 578 1634 -
597 1603 716 1646 uerbi
742 1602 877 1659 gratia
901 1603 943 1645 in
970 1602 1192 1646 Salomone
1218 1602 1438 1658 sapientia,
1463 1602 1505 1645 in
1524 1603 1664 1646 Dauid

129 1673 310 1722 bonitas,
338 1673 499 1716 'in·Iob
531 1673 748 1728 patientia,
774 1673 828 1716 ,in
861 1673 1065 1716 Danihelo
1105 1673 1291 1728 cognitio
1330 1673 1583 1725 futurorum,
1621 1673 1663 1715 in

130 1743 255 1787 Petro
294 1740 487 1796 fides,'in
519 1743 671 1786 Finees
710 1746 753 1786 et
785 1744 916 1786 Paulo
957 1745 1086 1796 zelus,
1126 1744 1168 1786 in
1200 1743 1386 1787 Iohanne
1423 1743 1663 1799 uirginitas,

129 1814 171 1856 in
202 1814 352 1857 ceteris
380 1816 520 1857 cetera
538 1839 609 1866 -—‚
637 1827 734 1864 cum
762 1816 902 1857 autem
931 1815 1120 1857 omnium
1147 1827 1286 1857 rerum
1310 1814 1406 1857 finis
1433 1814 1662 1865 aduenerit,

129 1887 231 1928 tunc
264 1885 403 1929 omnia
434 1885 476 1928 in
511 1885 708 1928 omnibus
742 1886 834 1936 erit,
868 1888 916 1928 ut
949 1885 1109 1941 singuli
1143 1890 1383 1928 sanctorum
1412 1898 1556 1929 omnes
1581 1886 1664 1928 uir-

130 1958 246 1999 tutes
277 1956 459 1999 habeant
492 1959 534 1999 et
566 1957 622 2000 sit
655 1956 850 2000 Christus
883 1959 1000 2000 totus
1034 1957 1075 1999 in
1110 1957 1288 1999 cunctis.

254 2084 271 2119 1
300 2083 399 2118 *10h.
430 2084 484 2126 12,
511 2083 557 2119 32
630 2085 663 2120 9.
694 2084 737 2120 15
763 2084 780 2120 1
806 2083 885 2122 Cor.
914 2085 970 2129 15,
996 2084 1041 2119 28

183 2155 198 2189 1
227 2155 343 2201 fuero]
372 2155 457 2190 add.
486 2166 507 2191 a
531 2157 629 2191 terra
652 2155 689 2190 Β
725 2163 727 2165 ·
810 2155 904 2192 trah.
931 2155 1051 2190 omnia
1076 2165 1110 2199 ψ
1230 2153 1289 2201 ad]
1316 2155 1351 2189 in
1383 2155 1415 2189 Φ
1522 2155 1543 2190 2
1570 2158 1665 2200 patri

133 2224 200 2249 om.
233 2215 265 2249 Φ
379 2214 478 2260 quia]
507 2214 678 2260 quoniam
703 2214 779 2250 DB
900 2214 1040 2260 omnes]
1068 2207 1134 2250 {iiis
1159 2213 1199 2249 D
1325 2214 1346 2250 3
1374 2214 1532 2249 omnium
1557 2214 1666 2250 DGB

133 2272 314 2308 hominem
344 2274 376 2308 Φ
472 2276 493 2308 5
519 2276 556 2309 et
583 2276 666 2317 (om.
692 2273 746 2318 D>
774 2273 928 2309 ethnicis
954 2275 992 2308 et
1016 2273 1325 2320 h(om.B)ereticis
1351 2272 1460 2308 DOB
1561 2273 1664 2309 here-

133 2332 217 2367 ticis
243 2342 312 2367 om.
342 2333 374 2367 Φ
469 2333 553 2378 ins.]
582 2332 669 2368 add.
696 2343 774 2368 esse
799 2344 824 2378 g
920 2333 1018 2378 quia]
1047 2332 1216 2378 quoniam
1240 2332 1350 2368 DCB
1445 2331 1594 2368 membr.
1622 2333 1664 2367 ei.

135 2402 216 2436 pars
242 2391 279 2426 B
334 2392 357 2427 6
383 2391 547 2427 subiecta
572 2402 642 2428 om.
668 2404 702 2438 ψ
757 2393 776 2427 7
805 2391 976 2427 uiderunt
1005 2393 1038 2426 Φ
1092 2392 1113 2427 8
1141 2392 1252 2438 capiti
1276 2392 1313 2427 Β
1368 2392 1390 2427 9
1416 2392 1480 2427 alt.
1502 2391 1551 2437 et]
1578 2394 1619 2426 ut
1643 2402 1667 2436 g

137 2449 180 2484 10
207 2451 249 2484 ut
273 2448 361 2485 deus
387 2461 421 2495 ψ
446 2449 533 2486 deus
563 2451 596 2485 Φ
619 2452 661 2485 ut
687 2451 736 2486 sit
761 2449 849 2486 deus
878 2449 909 2486 Ο
938 2454 979 2485 ut
1005 2450 1054 2485 sit
1079 2450 1167 2485 dens
1193 2450 1314 2485 omnia
1338 2449 1374 2485 in
1402 2449 1567 2484 omnibus
1591 2449 1667 2484 DB

139 2508 179 2542 11
207 2511 248 2543 ut
273 2511 348 2544 tam
378 2510 410 2544 Φ
435 2511 473 2544 et
497 2510 568 2545 iam
594 2509 634 2545 D
660 2510 770 2545 etiam
796 2513 869 2544 tam
900 2509 932 2545 Ο
1029 2509 1072 2545 13
1098 2509 1134 2544 in
1161 2519 1230 2544 om.
1259 2508 1290 2544 G
1385 2509 1429 2544 14
1455 2508 1666 2554 phylantro-

136 2567 256 2612 phyan
283 2579 316 2613 ψ
341 2568 563 2614 philatropia
587 2569 623 2603 Β
648 2568 966 2614 filanth(t0)ropia
989 2567 1072 2612 DC,
1097 2572 1193 2613 spat.
1219 2579 1302 2603 uae.
1328 2568 1370 2603 in
1400 2568 1432 2602 Φ
1516 2567 1559 2602 16
1586 2578 1666 2601 seu-

138 2637 215 2660 sum
242 2627 274 2660 Φ
348 2627 391 2662 17
419 2627 541 2674 atque]
568 2630 606 2663 et
624 2627 663 2663 D
760 2627 850 2663 salu.
876 2629 999 2663 noster
1017 2627 1128 2663 DOB
1224 2638 1318 2662 nunc
1343 2637 1371 2661 8.
1393 2626 1415 2661 l.
1436 2626 1482 2670 B,
1509 2637 1577 2661 om.
1596 2625 1671 2660 DC

142 2685 185 2721 18
210 2686 308 2731 pars]
335 2689 441 2732 pater
470 2688 502 2721 Φ
581 2686 709 2732 sigulis
735 2687 887 2733 ψ,Φα.ο.
946 2687 988 2722 19
1013 2686 1072 2721 iob
1100 2688 1190 2730 (non
1214 2685 1315 2729 hiob)
1341 2685 1442 2720 codd.
1524 2684 1666 2719 danielo

143 2743 174 2778 G
197 2743 339 2779 daniele
364 2744 400 2779 B
426 2744 572 2780 danihel
602 2746 634 2780 Φ
692 2745 739 2781 20
765 2745 901 2781 finehes
926 2745 962 2780 Β
987 2745 1135 2790 phinees
1166 2744 1233 2778 ΦΟ
1313 2743 1412 2779 xelus
1442 2743 1473 2778 0
1528 2742 1573 2778 21
1601 2753 1667 2778 rer.

143 2803 301 2838 omnium
330 2802 361 2838 G
413 2803 458 2838 22
485 2804 538 2849 in]
567 2806 603 2840 et
628 2806 665 2839 in
691 2816 725 2850 ψ
809 2804 865 2849 ut]
894 2806 931 2838 et
956 2803 996 2838 D
1081 2803 1243 2848 singulae
1270 2814 1303 2847 ψ
1376 2802 1458 2837 uirt.
1486 2811 1609 2837 omnes
1635 2812 1669 2846 ψ

142 2862 186 2896 23
214 2863 263 2907 ct]
289 2865 330 2897 ut
359 2863 391 2897 Φ
488 2864 640 2908 cunctis]
669 2863 756 2898 add.
783 2863 929 2909 explicit
958 2862 989 2897 C
