1884 3254
252 279 338 322 338
773 274 927 309 Sancti
953 273 1208 318 Hieronymi

252 405 468 448 multis?
506 417 581 446 nec
620 404 764 446 statim
797 400 1092 454 Hierosolyma
1129 400 1338 451 caelestis,
1376 403 1426 443 ut
1455 401 1644 456 plerique
1675 402 1775 454 ridi-

251 476 343 517 cule
375 475 637 525 arbitrantur,
668 473 709 514 in
743 473 820 514 hoc
852 472 944 513 loco
976 470 1251 526 intellegitur,
1284 483 1381 514 cum
1414 472 1582 527 signum
1608 473 1772 515 nullum

251 558 344 588 esse
387 545 572 599 potuerit
615 543 725 597 apud
767 542 959 584 homines
1004 540 1163 583 domini
1204 542 1476 597 resurgentis,
1522 542 1557 584 si
1602 555 1774 597 corpora

251 617 491 657 sanctorum
534 615 575 655 in
623 612 796 656 caelesti
839 611 1106 654 Hierusalem
1153 612 1247 654 uisa
1291 614 1404 654 sunt.
1449 625 1544 655 cum
1590 626 1687 668 ergo
1733 616 1776 656 et

250 685 535 740 euangelistae
568 687 610 726 et
642 684 776 726 omnis
810 683 1018 736 scriptura
1048 683 1384 738 Hierosolymam
1423 686 1610 726 sanctam
1643 685 1771 727 nomi·
1815 696 1836 724 ⁵

249 757 347 797 nent
378 755 595 797 ciuitatem
628 756 670 796 et
700 753 923 808 psalmista
953 753 1200 807 praecipiat:
1233 754 1516 797 adoremus
1554 755 1604 796 in
1636 755 1772 806 loco,

248 826 338 868 ubi
371 827 649 867 steterunt
680 825 842 879 pedes
877 823 1007 876 eius,
1041 837 1093 866 ne
1125 824 1298 878 patiaris
1331 825 1475 867 audire
1509 838 1600 867 eam
1632 825 1769 880 appel-

248 897 323 938 lari
356 895 579 939 Sodomam
613 898 654 937 et
686 895 944 950 Aegyptum,
977 907 1050 948 per
1083 907 1209 949 quam
1243 895 1437 937 dominus
1475 895 1604 937 iurari
1640 897 1772 947 uetat,

249 967 347 1021 quia
379 967 436 1008 sit
468 967 620 1008 ciuitas
654 965 798 1020 magni
827 965 954 1020 regis.

308 1039 345 1080 8.
371 1037 642 1078 Maledictam
675 1038 829 1078 terram
859 1031 1088 1087 nominant,
1120 1036 1232 1090 quod
1266 1049 1454 1079 cruorem
1488 1036 1645 1079 domini
1670 1037 1771 1080 hau·
1796 1048 1834 1078 10

249 1108 363 1158 serit,
398 1109 440 1148 et
470 1106 679 1161 quomodo
712 1105 934 1148 benedicta
964 1106 1058 1148 loca
1088 1108 1252 1160 putant,
1285 1106 1326 1148 in
1360 1107 1514 1160 quibus
1539 1107 1691 1150 Petrus
1731 1110 1774 1150 et

247 1178 420 1228 Paulus,
436 1177 663 1220 Christiani
678 1177 884 1219 exercitus
900 1177 1042 1227 duces„
1059 1177 1305 1232 sanguinem
1326 1177 1472 1220 fudere
1487 1191 1559 1233 pro
1576 1177 1772 1221 Christo?

248 1248 283 1290 si
321 1260 539 1290 seruorum
578 1249 621 1290 et
656 1247 875 1290 hominum
914 1247 1123 1293 confessio
1162 1248 1348 1303 gloriosa
1385 1250 1464 1299 est,
1505 1261 1579 1290 cur
1614 1249 1773 1291 domini

248 1322 287 1362 et
320 1320 385 1362 dei
416 1333 496 1362 non
530 1319 587 1361 sit
613 1319 798 1374 gloriosa
829 1319 1068 1376 confessio?
1093 1321 1327 1374 martyrum
1361 1320 1517 1381 ubique
1550 1320 1774 1374 sepulchra
1881 1376 1884 1378 -

246 1403 493 1433 ueneramur
513 1393 554 1432 et
575 1382 762 1432 Sanctam
781 1390 971 1432 fauillam
991 1390 1126 1433 oculis
1147 1390 1416 1445 adponentes,
1435 1391 1471 1433 si
1491 1390 1631 1441 liceat,
1647 1391 1773 1433 etiam
1796 1403 1833 1431 15
1880 1419 1884 1450 ¹.

247 1474 316 1503 ore
355 1461 657 1516 contingimus:
692 1463 734 1502 et
769 1463 1105 1511 monumentum,
1138 1461 1179 1502 in
1221 1474 1303 1515 quo
1343 1461 1537 1504 dominus
1577 1459 1771 1503 conditus
1881 1456 1884 1457 ⁷

187 1544 207 1571 ι
248 1535 323 1583 est,
358 1532 527 1586 quidam
560 1525 787 1574 a‘estimant
823 1532 1161 1587 neglegendum?
1195 1533 1231 1574 si
1269 1532 1387 1574 nobis
1426 1545 1507 1574 non
1545 1531 1771 1581 credimus,

248 1602 466 1644 credamus
500 1602 643 1645 saltim
676 1602 842 1644 diabolo
874 1604 919 1662 et
951 1602 1112 1657 angelis
1136 1602 1250 1652 eius,
1279 1602 1365 1656 qui,
1392 1603 1771 1656 quotienscumque

247 1676 342 1715 ante
379 1673 485 1715 illud
523 1673 572 1715 de
612 1673 798 1715 obsessis
837 1673 1082 1727 corporibus
1122 1674 1399 1728 expelluntur,
1440 1674 1561 1727 quasi
1596 1673 1640 1715 in
1679 1686 1772 1716 con⁴

247 1747 394 1799 spectu
438 1745 660 1787 tribunalis
706 1744 864 1787 Christi
908 1747 1070 1787 stantes
1116 1747 1471 1796 contremescunt,
1514 1745 1688 1800 rugiunt
1731 1746 1832 1787 etao
1879 1795 1881 1799 ¹

248 1829 339 1858 sero
374 1816 517 1858 dolent
548 1816 819 1867 crucifixisse,
853 1829 979 1870 quem
1009 1816 1199 1858 timeant.
1233 1816 1270 1858 si
1301 1818 1400 1870 post
1430 1816 1669 1870 passionem
1702 1815 1771 1857 do·
1859 1804 1884 1854 1

245 1887 362 1938 1111111,
395 1890 444 1928 ut
482 1888 687 1930 scelerata
731 1900 811 1928 uox
850 1889 1084 1946 concrepat,
1122 1887 1191 1929 hic
1233 1887 1496 1929 detestabilis
1534 1887 1654 1929 locus
1693 1889 1770 1937 est,

247 1958 347 2011 quid
378 1958 459 2000 sibi
490 1958 630 2000 uoluit
654 1958 813 2000 Paulus
845 1958 1182 2012 Hierosolymam
1216 1958 1428 2009 festinare,
1454 1959 1503 1999 ut
1533 1957 1593 1999 ibi
1618 1957 1773 2000 faceret

187 2038 194 2062 2
246 2031 545 2081 pentecosten?
591 2029 663 2083 qui
706 2029 984 2071 retinentibus
1030 2041 1074 2071 se
1116 2029 1286 2071 locutus
1333 2031 1399 2071 est
1443 2028 1605 2070 dicens:
1645 2027 1770 2081 quid

366 2188 383 2222 1
414 2188 457 2224 cf.
482 2188 590 2223 Hebr.
620 2189 675 2230 12,
701 2188 746 2222 22
816 2189 837 2223 6
863 2188 942 2224 *Ps.
972 2189 1050 2231 131,
1079 2190 1098 2223 7
1165 2190 1186 2223 8
1213 2188 1258 2224 cf.
1284 2189 1416 2223 Matth.
1436 2189 1469 2232 5,
1490 2188 1535 2224 35
1603 2188 1650 2223 24
1670 2189 1769 2224 *Act

247 2247 304 2291 21,
333 2247 375 2281 13

296 2330 310 2364 1
340 2330 419 2374 1100]
447 2341 517 2364 11011
545 2330 579 2364 Β
712 2330 944 2365 iherosolima
968 2331 1005 2365 Β
1132 2331 1225 2366 sicut
1248 2342 1273 2375 g
1396 2329 1479 2375 rid.]
1507 2330 1705 2376 periculose
1730 2329 1774 2364 K

246 2389 267 2422 2
295 2388 388 2432 cum]
418 2399 478 2423 cur
504 2388 546 2422 K
631 2390 654 2423 4
679 2389 894 2424 iherusalem
921 2390 957 2424 Β
1045 2391 1065 2424 5
1093 2389 1345 2434 euuangelista
1369 2390 1405 2424 Β
1509 2399 1632 2423 omnes
1657 2388 1768 2434 scrip-

245 2448 347 2481 turae
371 2458 395 2491 g
490 2447 756 2482 hierosolimam
781 2449 818 2482 Β
890 2449 910 2483 6
937 2459 1054 2494 praec.
1081 2451 1122 2483 ut
1147 2460 1171 2492 g
1266 2449 1302 2483 in
1327 2448 1407 2483 loco
1433 2459 1501 2483 om.
1526 2448 1562 2482 Β
1646 2448 1666 2482 7
1694 2447 1769 2482 eius

245 2515 312 2541 om.
339 2505 374 2539 B
447 2505 562 2542 audiri
588 2507 634 2550 B,
661 2518 727 2543 om.
753 2519 776 2551 ς
843 2508 864 2542 8
891 2510 1067 2553 aegyptus
1092 2507 1134 2542 K
1204 2508 1321 2542 iurare
1346 2507 1390 2542 K
1452 2507 1473 2541 9
1499 2507 1622 2552 magni
1646 2506 1714 2541 ciu.
1734 2506 1770 2540 Β

247 2564 291 2599 10
317 2575 439 2599 cruore
463 2564 500 2599 Β
571 2565 741 2600 hauserat
767 2566 809 2600 K
858 2567 900 2601 12
928 2566 1125 2602 Christiani
1151 2578 1218 2602 om.
1246 2566 1282 2600 B
1359 2566 1509 2600 fundere
1533 2565 1566 2600 G
1590 2566 1715 2611 fugere
1733 2565 1770 2600 Β

247 2623 290 2658 13
315 2622 489 2668 professio
516 2624 551 2658 Β
651 2625 694 2659 14
720 2627 757 2659 et
783 2628 888 2660 mart.
913 2638 937 2670 g
1057 2627 1182 2671 utique
1208 2626 1244 2660 Β
1343 2626 1385 2660 15
1412 2626 1442 2659 si
1466 2625 1542 2670 lie.]
1570 2624 1710 2660 scilicet
1733 2624 1769 2659 B

247 2682 289 2717 16
314 2682 461 2717 monim.
486 2682 530 2717 K
623 2682 710 2717 deus
736 2683 779 2717 K
850 2685 891 2718 17
920 2685 1094 2719 extimant
1122 2685 1156 2720 G
1230 2684 1274 2719 18
1300 2684 1430 2719 saltem
1453 2683 1487 2718 G
1583 2682 1709 2718 zabulo
1728 2683 1772 2717 K

246 2742 289 2776 19
314 2741 416 2775 illum
441 2741 476 2775 Β
549 2741 594 2776 20
620 2742 902 2777 contremiscunt
926 2743 981 2786 B;
1007 2747 1043 2778 et
1069 2744 1154 2779 add.
1185 2743 1218 2779 G
1291 2743 1437 2788 rugient
1461 2741 1504 2777 K
1572 2742 1616 2776 21
1645 2741 1770 2776 dolent

244 2810 280 2834 se
310 2799 343 2834 G
452 2799 631 2835 timebant
655 2801 691 2834 Β
787 2801 831 2835 22
858 2802 1038 2836 testabilis
1065 2802 1103 2836 Κ
1200 2803 1244 2837 23
1270 2802 1426 2837 uoluerit
1451 2801 1486 2835 Β
1594 2800 1766 2835 herosoli-

242 2868 335 2893 mam
363 2858 398 2892 Β
495 2860 535 2893 ut
559 2858 625 2904 ibi]
652 2858 713 2893 ubi
739 2859 782 2893 K
851 2859 896 2893 24
923 2861 984 2904 qui
1010 2871 1077 2895 om.
1108 2860 1141 2895 G
1239 2871 1276 2896 se
1302 2860 1473 2895 fratribus
1503 2859 1536 2894 G
