1884 3254
271 212 356 254 242
814 205 967 241 Sancti
992 203 1249 249 Hieronymi

209 340 231 375 2
269 338 310 380 in
342 337 426 380 fida
457 349 554 380 aure
587 335 802 378 moriatur.
833 347 924 384 nos,
959 335 1006 375 ut
1037 332 1135 382 scis,
1162 331 1360 374 Hebraici
1385 330 1590 373 sermonis
1614 330 1794 373 lectione

270 409 428 452 detenti
464 408 506 450 in
543 407 692 449 Latina
727 406 874 460 lingua
903 404 1142 458 rubiginem
1176 402 1428 445 obduximus
1459 402 1504 444 in
1533 403 1713 452 tantum,
1746 403 1807 444 ut

267 479 539 533 loquentibus
578 489 744 531 quoque
782 475 902 518 nobis
940 473 1095 516 stridor
1131 473 1302 527 quidam
1339 485 1420 515 non
1456 472 1632 514 Latinus
1669 472 1795 514 inter·

271 552 443 603 strepat.
470 548 580 590 unde
606 548 778 602 ignosce
805 544 1011 588 ariditati:
1043 544 1152 586 etsi
1183 543 1456 598 inperitus
1490 556 1615 594 sum,
1641 542 1792 597 inquit,

271 631 522 669 sermone,
555 617 788 672 apostolus,
822 615 914 667 sed
945 627 1043 668 non
1077 614 1323 657 scientia.
1356 613 1420 656 illi
1451 617 1676 668 utrumque
1707 625 1790 656 nou
1833 623 1853 652 ὁ

271 690 425 741 deerat,
465 691 508 731 et
542 700 675 730 unum
711 686 931 729 humiliter
965 685 1215 734 rennuebat;
1248 685 1369 727 nobis
1402 687 1630 738 utrumque
1660 682 1793 735 deest,

271 760 368 814 quia
399 761 454 810 et,
488 757 693 812 quidquid
723 756 841 811 pueri
870 755 1098 810 plausibile
1135 755 1432 805 habueramus,
1465 753 1687 796 amisimus
1718 765 1795 796 nec

271 829 506 879 scientiam,
533 841 660 882 quam
684 827 950 878 nolebamus,
971 825 1190 869 consecuti
1215 838 1363 868 sumus
1383 849 1439 856 —
1458 817 1657 879 Aesopici
1677 824 1792 868 canis

270 901 414 944 fabula
445 923 515 951 -‚
550 899 650 941 dum
682 910 836 954 magna
867 899 1092 948 sectamur,
1125 896 1255 939 etiam
1285 896 1446 938 minora
1475 895 1713 951 perdentes.

390 1037 407 1072 1
435 1036 481 1071 cf.
507 1035 614 1081 Verg.
641 1035 673 1070 V
697 1035 766 1070 547
904 1035 928 1069 4
953 1033 1014 1069 *ΙΙ
1040 1032 1118 1069 Cor.
1148 1033 1204 1078 11,
1229 1033 1251 1069 6
1382 1032 1405 1068 8
1431 1033 1476 1068 cf.
1501 1031 1686 1069 Phaedrus
1710 1032 1730 1069 1
1752 1033 1792 1076 43

271 1095 424 1131 Babrius
451 1095 495 1131 79

322 1190 338 1223 1
367 1199 452 1223 aura
470 1187 674 1224 ABa.c.m2
744 1188 939 1222 moriamur
956 1186 1235 1232 D‚Aa.c.m2,11
1253 1187 1499 1231 (inmoriamur
1522 1189 1680 1232 mma),
1704 1187 1794 1223 add.

271 1249 386 1283 mat-er
417 1246 577 1282 comunis
609 1248 715 1291 (corr.
739 1248 777 1292 g)
809 1247 859 1281 si*
885 1246 931 1289 (si
953 1247 992 1291 ς)
1022 1245 1122 1281 ualet
1153 1245 1291 1290 (ualeat
1312 1247 1351 1291 ς)
1377 1246 1516 1292 gaudeo
1542 1249 1580 1281 et
1604 1249 1645 1282 ut
1669 1246 1793 1282 ualeat

273 1306 455 1341 dominum
481 1304 653 1350 deprecor
676 1307 816 1350 (precor
835 1304 873 1351 g)
891 1303 948 1349 Bg
973 1303 1034 1350 (cf.
1053 1316 1094 1354 p.
1121 1307 1212 1350 252,
1239 1306 1308 1350 20)
1379 1305 1540 1340 hebraici
1564 1304 1729 1350 (hebrehi
1751 1303 1802 1352 Β)

273 1365 445 1401 sermonis
470 1364 545 1399 ΠΒ
565 1364 801 1400 hebraeorum
826 1364 903 1399 AD
975 1364 1126 1400 lectioni
1150 1364 1187 1398 A
1243 1365 1264 1400 3
1290 1364 1426 1400 latinus
1442 1375 1567 1400 sermo
1593 1364 1629 1399 Β
1675 1363 1700 1399 4
1725 1364 1802 1411 inq,

273 1436 329 1470 ap.
355 1434 458 1459 serm.
484 1423 521 1457 Β
547 1434 651 1459 serm.
676 1423 750 1469 inq.
778 1434 833 1469 ap.
858 1435 883 1469 ς
907 1434 1106 1459 sermonem
1132 1423 1169 1458 A
1272 1424 1293 1459 5
1320 1422 1383 1458 sed
1407 1424 1494 1469 non]
1521 1434 1593 1459 non
1617 1426 1740 1459 tamen
1765 1422 1802 1458 B
1872 1435 1873 1438 ¹

273 1481 426 1518 scientia
449 1481 485 1515 A
581 1481 604 1516 6
628 1481 806 1516 renuebat
830 1481 986 1527 B‚Dp.c.
1085 1482 1105 1517 7
1133 1480 1304 1527 quicquid
1328 1481 1365 1516 Β
1390 1480 1489 1527 quod
1514 1485 1595 1517 cet·
1697 1481 1800 1527 plau-

274 1540 387 1576 sabile
412 1539 449 1574 Β
533 1540 554 1575 8
580 1550 702 1575 sumus
725 1540 827 1576 iuxta
849 1548 875 1585 ’ς
974 1541 1113 1586 ysopici
1138 1542 1236 1575 canis
1259 1541 1296 1576 Β
1322 1540 1503 1586 esopianis
1528 1539 1609 1576 ΠΒ
1633 1540 1799 1586 esophia·
1871 1531 1876 1550 ³

273 1599 329 1635 nis
348 1599 383 1633 A
433 1599 454 1634 9
474 1598 634 1634 fabulam
654 1599 757 1635 codd.
779 1601 884 1644 (corr.
904 1599 952 1643 Β)
971 1601 1149 1635 flectamus
1162 1599 1200 1634 Β
1271 1598 1425 1645 perdens
1443 1600 1551 1635 Hac
1569 1598 1750 1645 perdimus
1762 1599 1799 1634 B
1873 1614 1876 1622 ³

1860 2012 1869 2020 Τ
1860 1829 1877 1940 <iffi-mm»
1870 1743 1877 1810 „1⁴2
