1884 3254
243 271 328 312 264
783 264 936 300 Sancti
963 262 1215 308 Hieronymi

243 396 378 452 gratia
415 395 571 438 domini
608 407 680 447 pro
720 406 782 444 eo,
816 392 927 446 quod
965 394 1030 434 est
1059 388 1302 445 ‘reprobos’:
1337 402 1480 432 eorum
1519 402 1611 432 esse
1648 389 1758 431 filios

244 467 471 520 apostolos,
505 465 574 519 qui
612 476 661 506 ex
698 462 886 518 ipsorum
924 461 1082 503 semine
1119 461 1388 514 procreentur
1419 464 1461 501 et
1490 459 1532 501 in
1565 459 1759 501 similitu-

244 536 381 578 dinem
414 536 662 590 sagittarum
693 546 819 576 manu
851 531 1007 573 domini
1034 530 1335 572 contineantur.

303 607 342 646 5.
372 606 418 647 In
451 604 642 657 sequenti
674 614 840 656 quoque
871 593 1038 655 psalmo
1068 599 1320 641 Heliodorus
1354 599 1490 654 magis
1529 609 1652 653 quam
1685 599 1760 642 Hi·

242 676 372 718 larius
410 676 550 716 noster
587 673 755 722 errauit,
795 672 867 726 qui
906 671 955 712 de
994 683 1041 712 eo
1079 669 1188 721 loeo,
1225 669 1267 711 in
1305 682 1387 724 quo
1427 669 1630 724 scriptum
1674 672 1759 712 est:

244 746 441 787 labores
485 744 738 788 fructuum
782 744 982 784 tuorum
1025 739 1367 789 manducabis,
1405 739 1520 781 uaria
1565 740 1759 794 opinatus

243 815 427 858 adseruit
453 815 586 870 magis
613 815 722 856 stare
749 811 1011 862 sententiam,
1045 811 1080 854 si
1113 810 1322 852 scribatur
1356 809 1531 852 efructus
1557 809 1761 853 laborum’

243 887 425 939 aliquem
457 885 713 930 manducare.
739 885 781 925 et
811 895 891 924 non
916 881 1094 924 ‘labores
1120 879 1367 930 fructuum’;
1394 881 1503 923 unde
1530 880 1760 934 spiritalem

244 956 574 1011 intellegentiam
606 954 755 997 debere
786 953 982 1007 perquiri.
1015 954 1058 994 et
1089 964 1137 993 ex
1167 951 1245 994 hac
1278 951 1496 994 occasione
1526 951 1567 993 in
1592 951 1762 1006 longam
1791 965 1794 967 ’

244 1027 459 1082 egrediens
491 1025 817 1080 disputationem
850 1025 967 1065 tanta
997 1022 1267 1079 operositate,
1302 1022 1413 1076 quod
1445 1022 1616 1064 uolebat
1640 1022 1760 1064 intel-

243 1097 341 1152 legi,
377 1108 478 1138 usus
511 1098 576 1138 est
607 1094 898 1149 persuadendi,
934 1096 1090 1149 quanta
1121 1105 1286 1146 semper
1316 1092 1481 1135 falsitas
1513 1092 1689 1147 indiget,
1716 1095 1764 1135 ut

244 1180 344 1209 uera
375 1165 580 1217 uideatur,
619 1178 714 1207 curn
748 1165 789 1206 in
821 1165 902 1206 hoc
938 1164 1032 1206 loco
1069 1177 1150 1206 non
1189 1163 1462 1217 septuaginta
1497 1163 1762 1217 interpretes,

245 1237 318 1278 sed
335 1237 474 1278 Latini
493 1236 543 1278 de
565 1234 714 1278 Graeci
740 1235 858 1277 uerbi
885 1234 1163 1289 ambiguitate
1185 1233 1352 1287 decepti
1370 1234 1550 1290 καρποὺς
1572 1232 1763 1293 ‘finctus’

243 1307 378 1363 magis
423 1319 547 1361 quam
584 1305 760 1348 ‘manus'
801 1304 1064 1364 interpretati
1107 1307 1220 1355 sunt,
1260 1317 1358 1346 cum
1399 1305 1546 1360 καρποὶ
1587 1302 1764 1346 ‘manus’

245 1390 409 1431 quoque
441 1377 644 1430 dicantur,
675 1376 786 1429 quod
816 1376 857 1417 in
890 1375 1083 1417 Hebraeo
1115 1375 1286 1429 ponitur
1315 1370 1544 1426 ‘chaffach‘‚
1577 1377 1620 1416 et
1645 1374 1763 1429 Sym-

242 1448 416 1491 machus
455 1448 684 1502 quintaque
723 1446 850 1488 editio
889 1446 1194 1488 transtulerunt
1230 1447 1444 1487 ‘manuum
1467 1443 1677 1499 *tuarumss
1715 1448 1764 1488 ut

244 1518 564 1573 ambiguitatem
596 1517 746 1572 prioris
779 1516 982 1558 sermonis
1015 1516 1260 1570 effugerent.

305 1589 341 1630 6.
375 1588 479 1630 Cum
511 1588 614 1630 haec
643 1587 828 1638 furtiuis,
860 1588 913 1629 ut'
939 1586 1069 1637 aiunt,
1102 1586 1239 1639 operis
1272 1585 1324 1627 ad
1354 1585 1763 1629 lucubratiunculam

244 1660 365 1701 uelox
395 1659 544 1701 notarii
577 1668 724 1700 manus
756 1671 822 1699 me
855 1657 1038 1700 dictante
1064 1657 1251 1712 signaret
1277 1659 1318 1699 et
1342 1657 1463 1710 plura
1489 1656 1626 1699 dicere
1652 1657 1765 1712 cogi-

245 1733 390 1780 tarem,
433 1730 517 1771 iam
560 1730 689 1771 ferme
733 1731 880 1784 quarta
921 1728 1058 1771 noctis
1103 1728 1204 1769 hora
1242 1730 1476 1770 excesserat
1513 1729 1555 1768 et
1595 1730 1763 1782 repente

246 1800 429 1842 stimulis
462 1800 714 1854 quibusdam
747 1800 924 1842 dolentis
959 1799 1164 1842 stomachi
1197 1798 1429 1841 suscitatus
1461 1798 1501 1839 in
1536 1799 1763 1840 orationem

245 1870 398 1924 prorui,
436 1873 484 1912 ut
527 1870 668 1912 saltim
710 1870 870 1924 reliquo
915 1870 1111 1912 horarum
1150 1868 1286 1924 spatio
1329 1869 1579 1922 subrepente
1618 1880 1764 1911 somno

244 1941 514 1983 frustraretur
543 1940 777 1982 infirmitas.

365 2115 386 2150 6
412 2115 488 2149 *Ps.
516 2115 594 2160 127,
620 2091 656 2149 2*

295 2198 310 2230 1
335 2197 403 2242 est]
432 2199 469 2231 et
487 2196 523 2230 A
594 2196 765 2242 reprobus
784 2196 976 2242 AD,11a.e.
1050 2199 1086 2231 et
1112 2207 1232 2230 eorum
1252 2195 1289 2230 Β
1336 2195 1358 2230 3
1384 2206 1526 2230 manum
1547 2196 1581 2231 A
1630 2195 1652 2230 4
1672 2197 1764 2232 nost.

246 2255 319 2289 Hil.
332 2266 355 2299 g
427 2255 584 2300 hylarius
598 2255 634 2290 A
652 2255 775 2290 ilarius
789 2255 825 2290 Β
873 2256 894 2290 6
908 2255 1062 2290 fructum
1077 2254 1152 2290 AD
1224 2254 1416 2300 oppinatus
1430 2254 1504 2290 JLD
1524 2253 1765 2300 oppinaturA

250 2314 269 2348 7
295 2313 452 2349 cribatur
477 2314 619 2350 ABa.c.
697 2314 800 2349 labor
824 2315 994 2350 Aa.c.m2
1047 2314 1069 2349 8
1095 2313 1345 2351 manducarem
1369 2314 1473 2349 Aa.r.
1547 2313 1702 2348 fructum
1726 2312 1766 2349 D

247 2373 269 2407 9
295 2371 416 2406 deberi
440 2373 476 2406 A
547 2373 582 2406 in
607 2372 754 2418 longam
778 2373 825 2414 B,
851 2384 918 2408 om.
945 2376 1006 2410 cet.
1034 2373 1179 2418 longam
1198 2384 1223 2418 g
1273 2372 1316 2407 10
1341 2371 1589 2421 ingrediens-g
1660 2374 1764 2407 tanta

246 2430 413 2475 Ap.c.m2
462 2431 504 2464 12
525 2430 597 2465 uid.
618 2442 702 2466 uera
715 2432 751 2465 B
802 2432 843 2467 13
864 2432 907 2467 de
927 2443 1019 2470 eras.
1034 2432 1070 2467 A
1143 2432 1261 2477 graeci
1274 2431 1310 2466 B
1329 2442 1456 2476 graeco
1477 2434 1541 2466 cet.
1593 2431 1636 2466 14
1655 2431 1728 2466 sint
1738 2442 1764 2476 ς

248 2499 325 2524 cum
350 2488 473 2535 καρποὶ
496 2490 603 2523 uarie
626 2490 797 2534 scriptum
822 2491 863 2525 in
888 2490 992 2526 codd.
1132 2491 1175 2526 15
1201 2490 1342 2525 dicatur
1365 2490 1402 2524 A
1544 2488 1705 2524 cnaffacn
1728 2489 1766 2524 A

248 2547 406 2593 caphach
431 2547 466 2581 B
586 2548 629 2583 16
655 2549 906 2584 transtulerint
931 2550 970 2584 11
1083 2550 1123 2585 17
1149 2549 1260 2595 priori
1284 2548 1508 2593 D‚Aa.c.m2
1531 2548 1706 2593 superiori
1729 2548 1765 2583 B

248 2605 449 2650 effugerunt
473 2607 643 2641 Aa.c.m2
668 2606 858 2652 effugerint
885 2608 958 2643 HD
1038 2608 1081 2643 18
1106 2608 1250 2643 furtiuis
1275 2607 1312 2642 B
1336 2607 1463 2641 furtiui
1488 2610 1550 2642 cet.
1648 2607 1763 2654 operi·

247 2665 313 2699 bus
337 2664 373 2698 B
446 2666 489 2700 19
516 2665 633 2710 uelox]
662 2666 719 2700 uel
746 2677 785 2700 ex
811 2668 873 2700 m2
897 2667 932 2701 A
1010 2678 1065 2702 me
1093 2667 1253 2702 dictante
1279 2677 1323 2701 ea:
1346 2665 1545 2715 meditante
1571 2665 1608 2699 Β
1686 2665 1762 2710 agi·

247 2725 358 2758 tarem
384 2723 423 2759 D
494 2723 540 2758 20
564 2723 654 2758 hora
679 2725 794 2758 noctis
821 2724 856 2758 Β
929 2726 971 2759 21
1001 2726 1195 2760 suscitatur
1219 2725 1258 2760 D
1330 2724 1375 2760 22
1401 2724 1520 2770 prorui
1545 2724 1581 2759 B
1605 2725 1763 2770 p'roripui

248 2782 377 2823 ADJI
398 2783 451 2825 (in
475 2793 540 2827 my.
564 2782 601 2817 al‘
618 2783 739 2828 prorui
759 2784 846 2828 m2),
863 2778 1010 2829 prorupi
1026 2795 1050 2828 g
1139 2784 1301 2829 relinquo
1321 2785 1357 2828 (n
1377 2785 1470 2827 exp.)
1488 2783 1524 2817 Β
1542 2774 1680 2829 reliqua
1700 2787 1762 2819 cet.

249 2841 365 2885 spatia
392 2841 430 2875 Π
451 2841 606 2886 spatium
634 2842 667 2875 A
764 2841 983 2887 subripiente
1012 2843 1050 2876 Π
1141 2843 1186 2877 23
1214 2843 1406 2877 frustretur
1431 2842 1470 2877 11
1491 2841 1664 2877 frustetur
1688 2841 1764 2892 AD

1875 990 1881 1018 Y

1786 1033 1822 1062 10
1875 1042 1882 1078 ζἴ

1787 1385 1823 1415 15
