1884 3254
216 242 301 284 482
773 236 928 273 'Sancti
951 234 1206 282 Hieronymi

215 369 412 424 neglexit.
457 368 550 423 quis
587 366 784 422 procedet
828 365 879 408 ad
922 365 1171 420 publicum?
1216 366 1310 420 quis
1353 365 1625 420 respondebit
1666 378 1739 420 pro

216 452 410 496 agrorum
447 438 647 481 tributis?
687 437 887 491 paruulos
918 448 1036 478 meos
1068 436 1163 490 quis
1196 436 1386 479 erudiet?
1417 438 1615 479 uernulas
1647 436 1740 490 quis

215 510 452 552 educabitP'
467 511 509 551 et
527 509 633 550 hanc
653 532 710 538 —
730 519 804 562 pro
825 507 962 550 nefas!
976 531 1034 537 —
1047 519 1219 549 causam
1240 509 1455 562 opponunt
1471 506 1741 555 matrimonii,

216 593 321 634 quae
352 579 422 622 uel
454 580 546 622 sola
576 578 724 620 debuit
753 577 924 632 nuptias
955 576 1156 632 inpedire.
1197 577 1446 632 superducit
1474 579 1609 619 mater
1644 576 1742 619 filiis

216 663 295 692 non
322 650 538 702 uitricum,
566 649 639 691 sed
665 649 846 700 hostem,
867 660 948 690 non
974 649 1204 702 parentem,
1232 648 1306 690 sed
1331 650 1567 703 tyrannum.
1585 647 1744 689 inflam-

218 723 330 762 mata
369 719 543 762 libidine
584 718 854 761 obliuiscitur
896 718 1007 761 uteri
1053 718 1121 761 sui
1171 720 1215 760 et
1255 719 1365 761 inter
1405 718 1604 773 paruulos
1649 729 1748 760 suas

217 791 406 833 miserias
451 790 686 833 nescientes
735 790 888 844 lugens
938 788 1099 830 dudum
1148 801 1261 831 noua
1308 792 1441 844 nupta
1489 788 1748 843 conponitur.

218 862 319 915 quid
374 861 568 917 obtendis
623 859 938 914 patrimonium,
1001 859 1103 913 quid
1159 859 1399 914 superbiam
1455 859 1748 902 seruulorum?

218 931 413 974 confitere
450 930 789 985 turpitudinem.-
812 931 928 972 nulla
964 929 1122 972 idcirco
1162 929 1281 972 ducit
1317 930 1530 980 maritum,
1568 932 1618 972 ut
1654 942 1749 972 cum

1786 660 1804 688 5

217 1002 492 1045 marito-non:
525 1001 717 1044 dormiat.
762 1003 836 1043 aut
874 1000 911 1043 si
949 1002 1061 1043 certe
1098 1000 1230 1043 libido
1269 1013 1351 1043 non
1390 1000 1598 1051 stimulat,
1639 1012 1745 1055 quae
1769 1013 1807 1042 ιο

219 1075 336 1115 tanta
372 1072 536 1115 insania
576 1074 642 1114 est
678 1071 722 1113 in
751 1072 913 1114 morem
946 1073 1181 1113 scortorum
1211 1071 1467 1125 prostituere
1498 1070 1751 1122 castitatem,

220 1146 270 1186 ut
300 1145 537 1199 augeantur
568 1142 743 1185 diuitiae
785 1143 828 1185 et
866 1143 1036 1197 propter
1065 1154 1150 1184 rem
1190 1142 1322 1185 uilem
1361 1143 1487 1196 atque
1522 1141 1752 1195 perituram

221 1214 442 1269 pudicitia,
476 1226 582 1267 quae
615 1215 658 1256 et
686 1213 872 1268 pretiosa
904 1214 947 1254 et
977 1215 1144 1255 aeterna
1176 1214 1255 1264 est,
1287 1211 1530 1268 polluatur?
1561 1212 1599 1254 si
1623 1211 1751 1254 habes

220 1286 390 1335 liberos,
427 1284 599 1338 nuptias
632 1283 734 1337 quid
765 1283 973 1337 requiris?
1012 1283 1048 1325 si
1079 1282 1339 1337 nonhabes,
1378 1295 1505 1337 quare
1543 1285 1752 1337 expertam

222 1369 303 1398 non
334 1355 491 1398 metuis
519 1355 788 1397 sterilitatem
814 1356 857 1396 et
881 1366 970 1396 rem
994 1354 1198 1396 incertam
1225 1356 1338 1396 certo
1364 1354 1549 1408 praefers
1574 1353 1752 1407 pudori?

223 1427 464 1469 scribuntur
504 1425 585 1467 tibi
627 1437 737 1467 nunc
781 1425 1002 1479 sponsales
1051 1423 1236 1476 tabulae,
1287 1427 1337 1467 ut
1385 1426 1485 1478 post
1533 1423 1753 1479 paululum

223 1498 526 1540 testamentum
564 1497 700 1538 facere
738 1495 1004 1550 conpellaris.
1048 1495 1320 1538 simulabitur
1355 1495 1497 1537 mariti
1533 1495 1755 1538 infirmitas

223 1570 278 1620 et,
315 1567 426 1621 quod
458 1569 502 1610 te
532 1566 781 1621 morituram
814 1566 948 1623 facere
980 1566 1110 1619 uolet,
1146 1567 1239 1621 ipse
1271 1566 1467 1609 uicturus
1505 1565 1645 1609 faciet.
1683 1568 1756 1608 aut

224 1639 261 1681 si
294 1638 492 1689 euenerit,
529 1639 580 1680 ut
611 1639 654 1679 et
686 1637 736 1679 de
769 1637 953 1680 secundo
984 1637 1135 1680 marito
1168 1637 1325 1679 habeas
1362 1637 1486 1690 filios,
1525 1636 1757 1680 domestica

222 1722 376 1764 pugna,
419 1709 671 1751 intestinum
713 1708 933 1763 proelium.
983 1720 1064 1751 non
1108 1708 1256 1750 licebit
1297 1708 1377 1750 tibi
1421 1720 1559 1751 amare
1602 1707 1757 1751 liberos

222 1792 298 1822 nec
330 1780 475 1834 aequis
507 1779 694 1833 aspicere
728 1779 878 1831 oculis,
912 1791 1018 1833 quos
1045 1779 1245 1835 genuisti.
1278 1780 1386 1822 clam
1411 1779 1601 1834 porriges
1627 1779 1757 1830 cibos,
1831 1796 1833 1798 ·

223 1851 434 1893 inuidebit
471 1853 637 1893 mortuo
681 1852 739 1902 et,
782 1850 866 1893 nisi
906 1850 1044 1893 oderis
1081 1850 1208 1903 filios,
1254 1850 1391 1893 adhuc
1435 1862 1579 1893 eorum
1622 1862 1759 1892 amare

223 1921 433 1964 uideberis
464 1924 642 1976 patrem.
680 1921 834 1976 quodsi
874 1921 925 1964 de
962 1922 1091 1977 priori
1128 1935 1255 1965 uxore
1292 1921 1450 1964 habens
1490 1921 1680 1964 sobolem
1716 1924 1759 1963 te

227 1992 397 2034 domum
450 1991 742 2044 introduxerit,
800 1992 968 2035 etiamsi
1025 1992 1354 2036 clementissima
1407 1992 1551 2044 fueris,
1614 2005 1757 2035 omnes

226 2063 468 2106 comoediae
514 2066 556 2105 et
598 2063 881 2119 mimographi
931 2065 974 2106 et
1023 2076 1268 2107 communes
1319 2063 1535 2107 rhetorum
1583 2063 1667 2106 loci
1716 2063 1756 2105 in

277 2181 293 2214 1
321 2179 486 2225 procedit
509 2179 630 2215 ΚΦΨ
726 2181 748 2215 2
776 2179 855 2226 agri
879 2180 915 2215 Β
1024 2180 1183 2216 enutriet
1208 2180 1308 2222 K¹F;
1333 2180 1422 2216 add.
1441 2182 1478 2216 et
1503 2179 1542 2215 D
1642 2180 1758 2224 uern.]

229 2237 315 2273 add.
340 2249 439 2274 meas
463 2238 582 2273 KY‘B
655 2240 675 2274 3
700 2238 930 2273 matrimonio
955 2238 1126 2274 Ba.c.m2
1151 2239 1328 2274 matronio
1360 2238 1398 2273 Ψ
1467 2237 1489 2273 5
1514 2238 1694 2273 nutricum
1720 2237 1759 2272 D

229 2297 424 2332 nutricium
450 2308 474 2342 g
570 2297 790 2332 inflammate
819 2298 852 2332 Φ
895 2341 897 2343 ¹
941 2297 963 2332 6
989 2297 1095 2343 uteri]
1122 2298 1192 2332 uiri
1217 2298 1254 2333 Β
1348 2307 1432 2332 suos
1462 2298 1494 2331 Φ
1579 2297 1603 2332 8
1628 2299 1755 2342 opten-

230 2355 292 2390 des
321 2356 353 2389 Φ
447 2355 715 2390 matrimonium
741 2356 777 2390 Β
873 2355 1042 2401 superbia
1071 2356 1103 2390 Φ
1175 2356 1196 2391 9
1222 2367 1309 2391 mar.
1337 2355 1415 2391 duc.
1440 2367 1465 2401 g
1538 2355 1582 2391 10
1607 2357 1703 2390 certo
1727 2355 1760 2389 Φ

232 2414 271 2449 11
300 2425 397 2449 more
427 2414 503 2449 ΦΨ
631 2414 854 2449 schortorum
879 2413 1036 2459 K,<1⁵p.c.
1161 2415 1203 2450 13
1230 2425 1323 2460 quae
1349 2414 1398 2460 et]
1425 2424 1516 2460 quae
1541 2414 1580 2449 D
1605 2424 1696 2459 quae
1722 2417 1759 2448 et

231 2484 322 2518 quae
352 2474 384 2508 Φ
499 2474 565 2509 alt.
593 2474 643 2519 et]
671 2476 727 2508 est
752 2476 789 2508 et
818 2475 852 2521 Φ
960 2476 1104 2509 terrena
1128 2467 1346 2509 Ka.c.m2!l'
1441 2473 1486 2509 14
1511 2472 1612 2519 quid]
1638 2484 1700 2508 cur
1728 2473 1760 2507 Φ

231 2533 411 2577 expertam
443 2531 481 2567 Ψ
504 2534 660 2578 spertam
687 2532 731 2567 K
753 2534 896 2578 experte
926 2533 959 2567 Φ
983 2535 1130 2579 experta
1154 2532 1230 2567 DB
1287 2533 1330 2567 15
1354 2534 1494 2567 metues
1519 2530 1564 2566 K
1615 2532 1657 2567 18
1682 2542 1758 2567 ma·

230 2591 344 2625 ritura
372 2591 405 2625 Φ
482 2591 553 2636 ipsi
579 2590 621 2625 K
694 2592 736 2627 19
763 2593 800 2626 et
826 2591 881 2636 de]
909 2590 953 2626 de
977 2591 1161 2627 DaaespB
1188 2603 1228 2626 ex
1252 2602 1276 2636 g
1349 2588 1456 2636 dom.]
1486 2589 1572 2626 add.
1598 2591 1711 2626 oritur
1733 2602 1758 2635 ς

231 2650 273 2684 21
301 2650 455 2696 porrigis
481 2649 561 2685 KD
650 2651 695 2685 23
720 2651 838 2696 priore
864 2649 947 2685 KP
1041 2650 1117 2686 sob.
1143 2650 1226 2686 hab.
1251 2661 1276 2696 ς
1372 2649 1533 2685 subolem
1557 2649 1601 2684 K
1693 2649 1757 2685 do-

230 2719 325 2743 mum
350 2711 386 2744 te
412 2720 436 2754 g
570 2710 622 2755 te]
651 2711 687 2744 et
711 2709 885 2754 Kp.c.m2
1005 2709 1051 2744 24
1078 2721 1180 2745 omne
1207 2709 1247 2744 D
1367 2709 1412 2744 25
1438 2707 1622 2744 comediae
1646 2708 1758 2743 ΒΦΒ

233 2767 394 2802 comoedi
419 2779 443 2813 g
531 2767 731 2814 mimografi
756 2767 834 2803 ΚΦ
857 2768 1071 2814 mimograui
1097 2768 1136 2803 D
1225 2767 1410 2804 rethorum
1436 2767 1539 2803 codd.
1624 2767 1696 2802 luci
1722 2767 1758 2802 Β

232 2826 306 2861 ioci
340 2827 377 2860 Ψ

1778 1368 1814 1397 15

1781 1712 1819 1752 2o

1781 2079 1818 2108 25
