1884 3254
220 290 306 331 618
765 287 917 322 Sancti
943 285 1196 331 Hieronymi

219 417 346 458 ariete
391 418 594 469 quateret,
641 415 783 456 locuta
826 416 892 455 est
935 413 986 454 ad
1024 412 1227 466 populum
1266 413 1307 454 in
1346 413 1551 467 sapientia
1589 426 1664 455 sua
1701 417 1744 457 et

218 489 358 528 tantae
408 485 693 528 multitudinis
742 484 977 538 periculum
1028 483 1224 525 muliebri
1273 483 1523 526 auctoritate
1567 484 1743 527 sedauit.

218 558 318 610 quid
349 557 496 609 loquar
527 556 576 597 de
608 555 752 610 regina
778 554 900 605 Saba,
936 566 1042 608 quae
1071 554 1191 596 uenit
1213 566 1238 595 a
1262 554 1416 596 finibus
1440 557 1575 596 terrae
1601 555 1743 598 audire

219 627 463 680 sapientiam
499 625 733 668 Salomonis
772 627 815 667 et
851 624 1094 668 testimonio
1134 623 1291 666 domini
1323 624 1649 666 condemnatura
1680 627 1746 667 est

220 709 361 738 omnes
393 696 507 738 uiros
519 696 720 758 ,IsraheIP
751 695 974 737 Helisabet
998 697 1116 737 utero
1143 695 1368 748 prophetat
1393 697 1436 736 et
1459 707 1578 737 uoce.
1608 695 1742 742 Anna,

220 768 304 808 filia
335 767 549 818 Fanuelis,
592 767 635 808 in
679 766 838 820 templo
881 766 1089 820 templum
1128 765 1310 808 efficitur
1349 765 1415 808 dei
1454 767 1496 808 et
1533 765 1741 808 cotidiano

168 828 171 831 ’
218 838 374 880 ieiunio
413 838 638 880 caelestem
670 837 834 879 inuenit
863 850 1027 891 panem.
1062 839 1296 890 sequuntur
1325 836 1525 878 mulieres
1559 836 1744 879 saluato-

220 921 305 950 rem
345 909 388 950 et
423 908 665 950 ministrant
696 907 731 949 ei
767 908 817 949 de
849 907 1088 949 substantia
1119 919 1210 948 sua.
1244 906 1331 957 ille,
1371 906 1442 960 qui
1474 906 1525 948 de
1557 906 1742 960 quinque

218 979 396 1033 panibus
435 979 616 1032 quinque
654 977 771 1019 milia
807 978 1027 1020 hominum
1064 977 1249 1031 exceptis
1286 976 1536 1018 mulieribus
1573 978 1617 1018 et
1650 989 1744 1032 par-
1869 1028 1871 1031 ι

218 1049 332 1091 uulis
371 1049 490 1100 aluit,
529 1061 646 1091 escas
685 1051 922 1090 sanctarum
961 1047 1185 1090 mulierum
1222 1060 1302 1089 non
1338 1049 1506 1090 recusat
1542 1047 1744 1101 accipere.
1766 1058 1804 1089 ιο
1866 1043 1881 1080 Ῠ

220 1132 315 1161 cum
348 1119 609 1162 Samaritana
642 1119 833 1173 loquitur
863 1119 914 1160 ad
944 1121 1120 1173 puteum
1153 1121 1196 1161 et
1226 1120 1439 1160 saturatus
1472 1118 1742 1161 Conuersione

220 1190 426 1232 credentis
459 1190 587 1242 cibos,
620 1190 691 1243 qui
724 1190 906 1244 coempti
945 1190 1124 1240 fuerant,
1155 1189 1356 1245 neglegit.
1393 1188 1562 1243 Apollo,
1602 1188 1741 1230 uirum

219 1260 496 1314 apostolicum
537 1263 579 1303 et
615 1261 655 1302 in
692 1261 785 1316 lege
819 1260 1126 1310 doctissimum,
1163 1259 1318 1313 Aquila
1351 1261 1394 1301 et
1423 1258 1621 1300 Priscilla
1650 1271 1742 1300 eru·
1868 1236 1882 1322 ἓξ

221 1330 341 1372 diunt
384 1333 425 1372 et
466 1332 683 1381 instruunt
725 1343 820 1372 eum
860 1331 911 1372 de
953 1330 1024 1372 uia
1067 1330 1236 1373 domini.
1280 1329 1315 1371 si
1354 1329 1493 1372 doceri
1529 1341 1553 1370 a
1587 1328 1743 1371 femina

220 1414 298 1442 non
330 1401 412 1442 fuit
435 1403 558 1455 turpe
584 1402 788 1455 apostolo,
820 1390 932 1442 mihi*
951 1413 1078 1455 quare
1103 1402 1226 1454 turpe
1251 1401 1309 1442 sit
1332 1402 1430 1455 post
1454 1399 1568 1442 uiros
1594 1398 1742 1441 docere
1765 1412 1802 1441 ιδ
1869 1388 1881 1430 ’ἶ

220 1473 263 1513 et
292 1471 496 1514 feminas?
1008 1515 1011 1517 ,
1446 1527 1448 1531 Α
1876 1475 1879 1482 ’

280 1543 319 1583 2.
357 1542 473 1584 Haec
512 1545 555 1584 et
590 1543 716 1584 istius
747 1542 874 1593 modi,
907 1542 1121 1599 σεμνοτάτη
1154 1541 1253 1591 filia,
1285 1541 1508 1595 perstrinxi
1544 1540 1742 1591 breuiter,
1870 1591 1877 1600 Δ

219 1615 268 1653 ut
298 1624 374 1653 nec
404 1614 446 1654 te
477 1612 707 1665 paeniteret
738 1625 861 1655 sexus
891 1612 956 1654 tui
981 1625 1057 1654 nec
1081 1612 1196 1654 uiros
1223 1624 1348 1654 suum
1373 1624 1523 1654 nomen
1549 1611 1739 1666 erigeret,
1867 1600 1879 1661 ξ

216 1683 259 1723 in
305 1695 481 1735 quorum
527 1682 915 1724 condemnationem
959 1682 1207 1724 feminarum
1245 1682 1287 1723 in
1325 1681 1544 1735 scripturis
1581 1680 1740 1723 sanctis
1867 1664 1879 1742 ξ

218 1752 308 1794 uita
342 1753 547 1795 laudatur.
587 1753 748 1808 gaudeo
781 1756 822 1795 et
852 1753 987 1795 ueluti
1024 1752 1206 1806 quodam
1237 1752 1422 1806 tripudio
1454 1752 1624 1794 effertur
1652 1751 1740 1794 ani-
1761 1765 1798 1794 20
1867 1760 1878 1802 ξ

218 1835 311 1865 mus
355 1836 488 1875 meus,
533 1836 630 1866 cum
673 1824 713 1865 in
751 1824 966 1878 Babylone
1003 1823 1273 1865 inueniuntur
1310 1822 1504 1873 Danihel,
1541 1822 1738 1873 Ananias,

216 1894 399 1945 Azarias,
425 1894 618 1936 Misaliel.
653 1906 675 1935 o
710 1906 833 1947 quam
866 1894 991 1935 multi
1023 1896 1121 1936 sunt
1153 1906 1272 1935 senes
1306 1895 1348 1935 et
1377 1893 1539 1935 iudices
1564 1892 1737 1943 Israhel,

333 2067 354 2101 3
381 2066 426 2101 cf.
452 2066 507 2101 ΙΙΙ
533 2068 621 2112 Reg.
649 2067 704 2108 10,
733 2067 847 2102 1-13
969 2068 990 2102 5
1018 2066 1061 2102 cf.
1087 2066 1173 2101 Luc.
1203 2067 1234 2110 1,
1259 2066 1401 2100 41—45
1522 2065 1567 2101 cf.
1593 2065 1677 2101 Luc.
1702 2065 1737 2110 2,

217 2125 358 2160 36—38
415 2126 434 2160 7
462 2126 505 2160 cf.
532 2125 662 2161 Matth.
691 2126 747 2170 27,
774 2126 819 2162 55
846 2128 912 2161 etc.
969 2125 991 2160 8
1018 2125 1061 2160 cf.
1086 2125 1218 2161 Matth.
1247 2126 1303 2169 14,
1330 2125 1467 2159 14—21
1497 2127 1565 2160 etc.
1624 2124 1665 2159 11
1693 2123 1739 2160 cf.

216 2184 291 2218 1011.
318 2184 351 2225 4,
381 2185 496 2219 7-34
570 2184 614 2219 12
640 2184 684 2219 cf.
711 2184 789 2219 Act.
819 2185 875 2228 18,
900 2184 1064 2223 24-2&
1113 2184 1155 2218 21
1185 2183 1228 2219 cf.
1254 2184 1346 2218 Dan.
1377 2185 1406 2228 1,
1432 2184 1453 2218 6

264 2278 285 2311 2
311 2278 448 2322 tantae]
476 2280 559 2312 ante
585 2278 619 2311 L
733 2277 965 2312 auctoritatis
989 2278 1022 2313 L
1144 2277 1267 2312 euadit
1292 2277 1326 2312 L
1422 2278 1443 2312 3
1469 2276 1572 2322 quae]
1601 2277 1661 2322 qui
1691 2275 1742 2311 W

213 2338 238 2370 4
265 2336 458 2371 salamonis
483 2337 518 2371 L
543 2337 738 2371 solomonis
764 2338 803 2371 X
875 2339 913 2372 et
936 2348 964 2372 s.
992 2337 1018 2376 l,
1042 2337 1077 2370 Β
1138 2336 1159 2370 5
1184 2336 1263 2381 1sr.]
1289 2336 1484 2371 Ierusalem
1508 2347 1533 2380 ς
1603 2335 1737 2371 helisa-

216 2395 303 2430 beth
329 2395 424 2430 WM
445 2396 621 2430 elisabeth
648 2396 700 2439 L;
727 2396 813 2431 add.
839 2396 876 2431 in
903 2395 954 2430 W
1044 2395 1186 2441 proph]
1213 2395 1387 2442 prophete
1412 2394 1450 2429 id
1474 2405 1518 2430 ex
1541 2393 1737 2442 prophetet

213 2453 333 2488 m2W
448 2455 469 2489 6
494 2454 686 2499 phanuelis
718 2455 769 2489 W
895 2455 955 2490 dei
981 2454 1037 2489 eff.
1064 2455 1099 2489 B
1231 2457 1320 2490 cott.
1346 2453 1565 2499 Xpaemzffli
1588 2454 1737 2499 quot-‚g

215 2514 234 2546 7
256 2515 453 2558 sequuntur
466 2513 504 2547 X
523 2515 718 2559 sequentur
731 2514 764 2548 L
783 2516 952 2549 secuntur
971 2518 1034 2549 cet.
1085 2514 1107 2548 8
1125 2513 1240 2548 subst.
1261 2514 1340 2558 sua]
1359 2512 1594 2548 facultatibus
1613 2512 1688 2548 suis
1700 2511 1736 2546 B

215 2571 259 2605 12
286 2571 398 2616 empti
422 2571 470 2605 M
603 2572 738 2606 fuerint
762 2573 801 2606 X
939 2572 1083 2618 appollo
1115 2571 1167 2606 W
1294 2571 1339 2606 14
1365 2571 1490 2606 docere
1515 2569 1736 2614 L‚Xa.e.m2

216 2629 259 2663 15
285 2630 547 2674 apostolo—sit
571 2631 612 2664 in
636 2642 703 2675 my.
723 2633 785 2665 m2
809 2631 863 2675 (in
888 2635 912 2666 t.
933 2631 982 2666 sit
999 2632 1108 2675 eras.)
1128 2630 1163 2664 Β
1235 2629 1297 2675 sit]
1319 2629 1405 2664 add.
1426 2629 1456 2664 si
1475 2630 1570 2674 (exp.
1588 2629 1664 2672 ΜΒ)
1687 2627 1740 2663 W

217 2689 258 2722 17
288 2691 324 2723 et
349 2699 415 2723 om.
443 2689 489 2723 M
620 2689 879 2726 CEMNOTAT
906 2690 947 2724 X
968 2688 1226 2726 EMNUTAIN
1250 2689 1299 2723 M
1319 2689 1457 2723 monita
1487 2687 1544 2726 W.
1571 2698 1639 2723 om.
1664 2687 1736 2722 LB

216 2747 289 2781 filia
314 2758 380 2782 om.
413 2747 463 2782 W
582 2748 624 2783 18
645 2760 704 2793 pr.
730 2749 809 2795 nec]
835 2760 879 2783 ne
906 2749 940 2783 B
1074 2748 1172 2783 sexui
1198 2751 1262 2783 tuo
1294 2747 1344 2782 W
1465 2758 1560 2782 nom.
1586 2757 1687 2782 suum
1711 2757 1736 2790 g

216 2805 349 2849 erigere
381 2805 431 2840 W
523 2807 566 2841 21
595 2807 630 2841 in
657 2817 724 2841 om.
749 2807 798 2841 M
907 2806 1092 2842 inuenitur
1114 2816 1139 2850 ς
1252 2804 1397 2840 danihel
1421 2804 1506 2839 ,ΕΜ
1527 2804 1647 2839 danie}
1671 2807 1736 2839 cet.

213 2864 388 2898 annanias
415 2864 447 2898 L
521 2865 567 2899 22
592 2865 718 2900 misael
743 2865 779 2899 Β
875 2876 895 2899 o
923 2865 1044 2910 quam]
1072 2866 1110 2899 et
1140 2864 1189 2898 W

1861 2427 1873 2434 ι
1856 2355 1873 2412 J,-
1856 2089 1875 2337 '.-.;„.··.-·.-6·:=12..,.=,
1861 2069 1865 2071 '
1873 2007 1876 2027 „s
1871 1975 1876 1981 r
1867 1936 1871 1939 ·
1869 1907 1877 1914 ·.
1872 1835 1877 1862 A.-
1874 1803 1877 1810 .

1863 2646 1871 2668 ..a
1862 2620 1870 2638 <-
1866 2579 1869 2594 Α.
1851 2517 1871 2565 -·Ι.“
1846 2475 1873 2510 ’ν’-ι

1854 2998 1869 3019 ⁴5
1851 2719 1871 2992 Qfl„-szh.fflss'oe
1852 2695 1871 2716 2¹2
1854 2668 1869 2689 r·
1854 2651 1863 2663 ‘
