1884 3254
106 978 141 1006 10

105 1332 140 1361 15

106 1687 144 1715 20

678 202 884 248 Epistula
908 202 1057 238 XXXVI
1082 204 1175 238 2—4
1600 210 1681 250 271

160 330 366 372 interfici'.
397 343 546 373 uerum
578 331 681 373 deus
714 332 860 374 nolens
887 344 984 374 eum
1011 332 1241 386 conpendio
1275 334 1422 376 mortis
1455 334 1572 377 finire
1599 349 1688 378 cru·
1725 339 1746 371 4

163 401 300 443 ciatus
332 414 408 444 nec
441 402 608 444 tradens
641 415 813 457 poenae,
847 415 929 456 qua
961 416 1005 444 se
1036 404 1128 457 ipse
1161 404 1444 456 damnauerat,
1479 406 1557 448 ait:
1595 419 1686 449 non

164 472 250 522 sic,
276 472 319 513 id
351 474 435 515 est:
461 461 568 523 ‘non,
596 475 644 515 ut
676 473 889 523 aestimas,
917 474 1107 516 morieris
1134 476 1176 516 et
1199 477 1378 517 mortem
1404 489 1478 530 pro
1504 477 1687 520 remedio

163 543 358 596 accipies,
396 556 545 586 uerum
589 544 712 586 uiues
755 557 890 598 usque
936 545 987 587 ad
1031 546 1253 600 septimam
1294 547 1603 601 generationem
1649 550 1690 590 et

165 614 445 656 conscientiae
477 616 574 656 tuae
605 614 704 670 igne
734 615 998 669 torqueberis
1029 616 1102 666 ita,
1135 618 1196 666 ut,
1224 617 1478 671 quicumque
1510 620 1551 660 te
1583 619 1690 660 occi-

163 685 280 737 derit,
312 685 544 727 secundum
577 685 790 739 duplicem
824 686 1153 741 intellegentiam
1188 687 1327 729 autin
1355 687 1536 742 septima
1566 701 1689 743 gene·

161 756 324 798 ratione
361 758 436 798 aut
472 757 653 810 septimo
691 759 733 799 te
770 757 920 799 liberet
958 756 1173 808 cruciatu’,
1206 770 1286 800 non
1325 758 1438 812 quod
1474 759 1578 813 ipse,
1618 759 1689 813 qui

162 827 420 881 percusserit
452 826 565 877 Cain,
600 829 764 881 septem
795 828 1028 870 ultionibus
1062 829 1337 872 subiciendus
1371 829 1441 880 sit,
1473 829 1546 871 sed
1578 829 1690 884 quod

163 899 325 952 septem
368 897 592 948 uindictae,
633 911 740 952 quae
782 899 824 941 in
864 899 964 942 Cain
1007 901 1124 942 tanto
1168 902 1358 954 tempore
1403 904 1688 951 cucurrerunt,

163 969 304 1011 soluat
334 969 579 1011 interfector
610 970 806 1012 occidens
841 983 951 1022 eum,
979 970 1049 1025 qui
1076 971 1190 1013 uitae
1215 971 1354 1013 fuerat
1385 971 1612 1014 derelictus
1639 971 1691 1013 ad

164 1052 356 1094 poenam.
1434 1095 1436 1098 v

225 1112 264 1153 3.
288 1111 348 1157 Ut
379 1114 534 1164 autem,
560 1112 672 1166 quod
705 1112 900 1164 dicimus,
927 1113 1196 1155 manifestius
1222 1113 1308 1165 fiat,
1336 1113 1570 1156 cotidianae
1598 1126 1691 1155 con-

166 1182 406 1224 suetudinis
437 1195 643 1237 ponamus
676 1184 927 1237 exemplum.
960 1183 1158 1237 loquatur
1190 1184 1299 1226 inter
1335 1184 1511 1226 uerbera
1542 1197 1690 1227 seruus

166 1253 217 1294 ad
249 1253 484 1295 dominum:
517 1252 631 1307 ‘quia
662 1254 828 1296 incendi
866 1254 1036 1296 domum
1075 1257 1194 1296 tuam
1234 1257 1276 1296 et
1312 1255 1556 1297 uniuersam
1595 1255 1692 1297 sub·

166 1324 364 1366 stantiam
396 1324 616 1378 dissipaui‚
642 1324 829 1367 interfice
859 1323 941 1367 me’
973 1325 1254 1379 dominusque
1285 1326 1553 1379 respondeat:
1584 1324 1691 1376 ‘non,

165 1398 214 1438 ut
243 1395 324 1445 uis,
356 1396 547 1437 morieris
581 1398 623 1438 et
652 1396 774 1437 finies
805 1397 940 1438 morte
978 1396 1205 1450 supplicia3
1239 1409 1387 1438 uerum
1426 1397 1551 1451 longo
1589 1399 1692 1438 tem-

167 1478 266 1520 pore
299 1466 551 1508 custodieris
584 1466 636 1508 ad
667 1466 799 1509 uitam
832 1469 874 1508 et
904 1468 992 1508 tam
1023 1466 1250 1509 infeliciter
1280 1467 1322 1508 in
1362 1468 1440 1509 hac
1476 1467 1569 1509 luce
1602 1480 1693 1509 uer·

166 1538 338 1588 saberis,
364 1539 426 1588 ut,
452 1537 709 1591 quicumque
740 1541 782 1579 te
809 1538 1023 1588 occiderit,
1050 1537 1300 1580 beneficium
1327 1540 1514 1591 praestet
1539 1538 1693 1588 occiso,

168 1608 268 1650 dum
301 1608 351 1650 de
381 1610 469 1650 tam
501 1609 648 1651 multis
680 1611 723 1650 te
754 1608 907 1651 liberat
940 1608 1222 1651 cruciatibus’.
1255 1613 1297 1651 et
1329 1609 1561 1651 secundum
1595 1608 1694 1663 Sep·

166 1679 360 1735 tuaginta
392 1679 562 1734 quidem
594 1680 822 1722 editionem
854 1680 922 1722 hic
954 1680 1074 1722 nobis
1107 1693 1257 1723 sensus
1290 1679 1471 1722 uidetur.

228 1752 266 1792 4.
286 1751 349 1792 De
370 1763 417 1792 eo
439 1753 595 1802 autem,
617 1750 727 1804 quod
743 1751 895 1805 Aquila
918 1751 1062 1804 posuit
1088 1751 1494 1806 septempliciter
1514 1753 1556 1793 et
1576 1747 1696 1805 Sym-

167 1822 344 1864 machus
387 1822 680 1865 ebdomatos
720 1823 832 1865 siue
877 1822 1125 1877 septimus
1163 1823 1456 1874 ulciscetur,
1489 1822 1695 1864 maiorum

287 1950 309 1984 2
334 1949 445 1987 *Gen
470 1950 505 1995 4,
534 1951 576 1986 15

217 2032 234 2067 1
263 2022 429 2067 dominus
452 2033 490 2068 Β
575 2014 815 2079 conpendiose
841 2033 1237 2078 A,Bp.c.m2,QD(-ae)
1317 2033 1444 2068 mortis
1470 2033 1545 2077 fin.]
1570 2031 1696 2066 morti-

167 2091 274 2126 ficare
301 2097 358 2137 mq
467 2092 628 2127 cruciatu
652 2093 804 2137 Q,Ap.e.
891 2093 913 2127 2
938 2103 1033 2138 pone
1058 2094 1166 2137 (corr.
1191 2095 1320 2137 poene)
1350 2098 1382 2127 m
1468 2092 1490 2126 3
1517 2091 1599 2135 non]
1626 2100 1698 2125 non

168 2151 221 2186 ita
246 2151 316 2186 ΩΒ
388 2151 540 2186 extimas
565 2151 603 2186 Β
675 2162 739 2197 pro
766 2151 942 2197 remedio]
970 2162 1055 2198 prae
1080 2154 1157 2197 (pre
1185 2152 1232 2195 m)
1257 2150 1376 2186 medio
1404 2156 1461 2196 tnq
1511 2150 1535 2184 4
1559 2150 1698 2194 uerum]

167 2220 214 2245 ex
236 2212 472 2245 ueruntamen
498 2210 534 2244 Β
595 2211 616 2246 6
642 2211 718 2256 aut]
747 2222 792 2247 an
819 2217 851 2247 m
914 2212 934 2246 ’7
962 2211 1037 2256 aut]
1065 2222 1109 2246 an
1137 2217 1169 2247 m
1259 2210 1429 2256 septimo]
1456 2220 1588 2254 magno
1607 2209 1698 2253 qu

169 2269 331 2304 cruciatu
357 2280 378 2316 q
405 2269 562 2305 cruciato
588 2269 622 2304 Ω
719 2269 829 2316 quod]
856 2281 927 2315 quo
954 2276 1011 2316 inq
1110 2270 1171 2316 qui
1197 2281 1264 2305 om.
1291 2276 1348 2315 mq
1421 2268 1442 2302 8
1460 2261 1580 2314 'perc.]
1605 2268 1699 2303 occi-

169 2327 264 2363 derit
287 2328 363 2363 AD
459 2329 570 2375 quod]
599 2341 668 2374 quo
695 2330 786 2375 qu
873 2330 918 2365 10
943 2329 1134 2365 interfecto
1161 2328 1371 2366 Aa.c.m2D
1394 2328 1430 2363 in
1457 2327 1646 2363 interfecto
1667 2328 1700 2362 Ω

170 2387 360 2422 derelictas
386 2398 478 2434 qa.e.
504 2388 678 2424 derelicas
705 2395 737 2425 m
820 2389 863 2424 12
890 2399 982 2434 quae
1009 2395 1041 2424 m
1140 2388 1363 2424 cottidianae
1389 2387 1498 2423 rnQD
1523 2385 1698 2432 quottidi-

169 2457 237 2481 ane
261 2447 298 2481 Β
372 2447 416 2483 13
440 2458 613 2493 ponemus
638 2449 673 2484 Ω
766 2449 927 2494 loquitur
947 2449 1038 2494 qu
1113 2449 1158 2483 14
1183 2447 1364 2489 dominum
1391 2447 1445 2482 bis
1463 2446 1502 2482 D
1598 2446 1697 2491 quia]

169 2516 239 2551 que
266 2512 296 2541 m
412 2506 542 2552 substa]
571 2507 659 2542 add.
686 2507 795 2542 etiam
820 2507 869 2553 D,
896 2507 983 2542 add.
1010 2509 1110 2542 tuam
1135 2507 1206 2543 ΩΑ
1310 2508 1353 2542 16
1379 2507 1431 2552 ut]
1458 2506 1511 2540 ita
1537 2508 1579 2541 ut
1602 2506 1636 2540 Ω
1659 2507 1700 2539 ut

170 2568 210 2599 tu
229 2566 266 2600 B
337 2566 515 2612 supplicio
536 2573 593 2612 inq
645 2567 688 2603 17
714 2569 788 2602 tam
815 2578 884 2604 om.
907 2573 963 2612 naq
1017 2568 1059 2603 18
1083 2567 1154 2602 tibi
1178 2568 1340 2612 praestet
1358 2567 1392 2601 Ω
1443 2565 1485 2600 19
1512 2564 1609 2610 dum]
1630 2575 1697 2599 om.

170 2631 242 2669 tuq,
267 2624 352 2659 dum
377 2627 415 2660 te
442 2626 567 2670 AD‚B
587 2627 639 2668 (te
660 2625 746 2671 del.)
826 2626 883 2672 de]
909 2626 948 2661 id
973 2631 991 2662 e
1019 2632 1051 2662 m
1130 2628 1206 2660 tam
1231 2636 1297 2660 om.
1326 2631 1382 2670 rnq
1467 2626 1504 2658 te
1531 2633 1597 2658 om.
1623 2622 1700 2657 AD

170 2683 302 2718 liberet
325 2684 425 2730 AqD
450 2685 574 2719 liberit
600 2692 632 2721 m
754 2686 800 2720 20
828 2685 989 2732 quidem]
1018 2685 1105 2720 add.
1132 2686 1367 2730 interpretum
1394 2684 1429 2718 B
1550 2681 1652 2716 uidet
1677 2692 1697 2726 q

170 2743 215 2777 21
244 2754 334 2788 quae
362 2749 394 2779 m
516 2744 732 2780 simmachus
760 2751 816 2791 mq
843 2745 1033 2780 simmacus
1059 2745 1095 2779 B
1191 2745 1236 2778 22
1263 2733 1499 2779 hebdomatos
1532 2740 1700 2776 Vallarsi

171 2801 391 2837 ebdomadas
417 2802 521 2838 codd.
