1884 3254
673 226 882 273 Epistula
905 225 1009 261 XXII
1035 226 1126 262 1—2
1578 230 1660 272 145

131 360 223 401 est.
266 357 341 401 tali
376 356 562 411 primum
600 357 772 410 parente
810 355 1000 410 generati
1035 355 1146 410 nigri
1185 367 1334 398 sumus
1367 358 1411 398 et
1440 358 1539 411 post
1569 369 1660 411 pac*

131 430 354 473 nitentiam
396 428 578 471 necdum
617 427 800 470 culmine
837 427 1011 470 uirtutis
1055 439 1230 470 ascenso
1275 426 1476 470 dicimus:
1522 428 1662 483 nigra

132 512 239 544 sum
284 502 332 542 et
376 499 614 554 speciosa
657 498 771 540 filia
818 497 1152 541 Hierusalem.
1199 497 1310 540 exiui
1348 497 1398 540 de
1437 497 1561 540 domo
1599 497 1656 540 in·
1698 502 1721 536 4

8 606 32 615 ,Α
130 571 288 615 santiae
318 582 451 623 meae,
485 569 616 612 oblita
648 581 745 611 sum
777 569 920 624 patris,
953 581 1150 611 renascor
1173 569 1215 611 in
1242 568 1425 612 Christo.
1459 568 1563 624 quid
1587 581 1660 624 pro

34 646 36 650 ’
90 642 212 685 choc
242 641 448 684 mercedis
481 640 674 694 accipio?
706 640 916 694 sequitur:
949 641 998 682 et
1036 639 1364 694 concupiscet
1400 652 1480 682 rex
1519 640 1662 683 deco-

129 725 230 756 rem
254 714 406 754 tuum.
429 711 508 754 hoc
531 723 630 766 ergo
650 710 760 753 illud
778 723 979 767 magnum
1006 712 1072 753 est
1097 712 1428 754 sacramentum:
1457 713 1662 765 propter

130 784 224 827 hoc
254 783 512 837 relinquet
549 783 692 825 homo
730 784 924 837 patrem
957 783 1006 824 et
1039 784 1245 824 matrem
1284 786 1333 824 et
1364 782 1661 825 adhaerebit

129 854 271 897 uxori
304 867 423 897 suae
456 856 505 896 et
536 855 681 896 erunt
712 853 851 896 ambo
876 852 1009 895 -in
1041 865 1186 896 carne
1218 855 1341 896 una?
1372 853 1457 895 iam
1483 865 1578 906 non,
1611 855 1661 895 ut

34 966 37 977 ‚
127 925 202 976 ibi,
233 925 276 967 in
301 937 385 967 una
411 937 546 976 carne,
579 925 655 967 sed
686 925 851 980 spiritu.
881 936 964 966 non
996 925 1063 966 est
1093 936 1276 977 sponsus
1307 926 1408 966 tuus
1441 924 1661 979 adrogans,
1698 925 1720 960 5

6 990 39 1058 Ἰ
68 1009 107 1039 ιο
130 1009 212 1039 non
245 997 473 1050 superbus:
505 996 821 1051 Aethiopissam
853 995 973 1038 duxit
1002 1007 1186 1038 uxorem.
1218 995 1363 1038 statim
1394 997 1444 1037 ut
1473 995 1661 1038 uolueris

129 1067 382 1121 sapientiam
413 1066 504 1110 ueri
535 1066 681 1108 audire
713 1066 950 1109 Salomonis
984 1068 1028 1108 et
1058 1065 1111 1108 ad
1144 1078 1241 1109 eum
1280 1065 1460 1117 ueneris,
1492 1065 1661 1109 confite-

127 1137 245 1180 bitur
274 1138 354 1180 tibi
386 1139 551 1188 cuncta,
585 1149 692 1191 quae
724 1138 858 1189 nouit,
890 1138 934 1180 et
963 1136 1137 1180 inducet
1167 1138 1209 1179 te
1239 1149 1310 1180 rex
1340 1137 1384 1180 in
1416 1137 1660 1180 cubiculum

131 1220 256 1251 suum
289 1211 331 1251 et
360 1208 517 1250 mirum
547 1208 590 1250 in
622 1208 797 1251 modum
829 1208 968 1251 colore
999 1210 1164 1251 mutato
1197 1214 1333 1251 sermo
1359 1208 1441 1251 tibi
1463 1207 1538 1250 ille
1565 1220 1660 1251 con·

28 1324 51 1331 ,,
129 1279 291 1322 ueniet:
324 1292 449 1333 quae
480 1281 560 1322 est
589 1279 704 1330 ista,
739 1292 866 1334 quae
899 1279 1134 1322 ascendit
1165 1279 1427 1322 dealbata?

5 1372 30 1405 μ
51 1363 107 1394 ⁷2⁶
189 1351 228 1392 2.
253 1350 370 1392 Haec
395 1350 566 1401 idcirco,
592 1350 653 1392 mi
679 1350 847 1392 domina
871 1350 1153 1393 Eustochium
1182 1374 1237 1380 ——
1265 1349 1478 1392 dominam
1505 1349 1660 1404 quippe

27 1412 30 1414 ’
128 1419 259 1463 debeo
278 1433 431 1464 uocare
451 1433 652 1475 sponsam
671 1420 830 1463 domini
849 1420 934 1463 mei
956 1444 1026 1472 —‚
1054 1422 1104 1463 ut
1129 1433 1177 1463 ex
1194 1420 1287 1475 ipso
1308 1420 1515 1475 principio
1541 1420 1660 1463 lecti-

127 1491 220 1534 onis
246 1503 496 1553 agnosceres
522 1504 605 1534 non
624 1504 691 1533 me
718 1504 831 1534 nunc
853 1491 1002 1534 laudes
1028 1491 1286 1547 uirginitatis
1312 1503 1405 1533 esse
1432 1490 1658 1542 dicturum,

247 1664 269 1699 2
295 1664 424 1712 *Cant7
453 1665 483 1707 1,
511 1666 533 1701 5
582 1666 604 1701 5
629 1665 689 1701 Ps.
715 1666 773 1708 44,
801 1665 846 1701 12
901 1665 922 1701 6
950 1665 993 1701 cf.
1021 1664 1114 1712 Eph.
1141 1667 1174 1711 5,
1201 1666 1246 1701 32
1323 1664 1431 1701 *Gen.
1458 1666 1491 1710 2,
1517 1665 1564 1701 24
1590 1666 1659 1700 etc.

125 1723 151 1782 ¹9
177 1723 222 1759 cf.
248 1724 266 1759 I
292 1723 371 1760 Cor.
397 1724 429 1767 6,
457 1724 501 1760 17
647 1724 691 1760 cf.
717 1724 826 1760 Num.
854 1725 912 1770 12,
936 1725 970 1761 3.
998 1725 1016 1761 1
1136 1725 1178 1760 11
1206 1724 1252 1760 cf.
1276 1724 1408 1760 Matth.
1435 1724 1491 1767 12,
1516 1724 1562 1759 42
1589 1725 1658 1759 etc.

132 1782 176 1817 12
202 1783 248 1820 cf.
275 1782 378 1819 Cant.
408 1784 439 1827 1,
463 1783 487 1818 4
562 1783 607 1819 14
632 1782 759 1820 *Cant.
785 1783 818 1828 8,
844 1784 865 1818 5

178 1877 195 1911 1
223 1876 297 1911 tale
323 1876 368 1911 H
460 1876 574 1922 primo
602 1877 832 1922 kt,Bp.c.m2‚
859 1887 927 1913 om.
955 1877 999 1912 H
1091 1878 1274 1923 generatis
1300 1881 1380 1923 tp.c.
1478 1877 1614 1923 sumus]
1642 1882 1658 1912 s

126 1936 171 1970 ut
194 1935 238 1970 H
289 1936 311 1969 2
336 1936 512 1970 uirtutum
539 1935 694 1972 culmine
719 1937 752 1971 Σ
820 1937 982 1972 ascensio
1007 1937 1054 1971 H
1074 1948 1224 1972 accenso
1251 1936 1320 1972 ΣΒ
1374 1937 1396 1972 3
1421 1947 1499 1972 sum
1526 1947 1594 1972 om.
1625 1935 1663 1970 ¹1¹

128 1994 178 2040 et]
204 1993 270 2030 sed
293 1995 330 2029 B
356 2005 392 2030 se
418 1995 458 2030 D
553 1995 649 2030 filiae
675 1999 689 2031 t
785 1995 899 2042 Hier.]
923 1995 1059 2031 israhel
1084 1996 1130 2031 H
1222 1996 1291 2032 exii
1315 1996 1339 2032 k
1410 1998 1433 2031 4
1458 1996 1592 2031 oblitus
1618 1995 1662 2030 K

123 2054 262 2098 (eorm,
289 2054 357 2089 ΣΒ
475 2054 591 2100 patris
616 2055 687 2090 mei
713 2055 858 2090 ΣΒΨΒ
955 2056 975 2090 5
1003 2056 1167 2102 sequitur
1191 2066 1259 2093 om.
1285 2056 1331 2090 H
1448 2056 1499 2101 et]
1528 2065 1610 2090 ecce
1635 2055 1658 2090 k

125 2112 349 2158 concupiscit
372 2112 530 2148 ΚΗΒΦ
625 2124 685 2148 rex
709 2125 738 2150 8.
766 2114 788 2149 l.
815 2115 878 2149 m2
902 2114 934 2149 Σ
990 2115 1012 2150 6
1038 2115 1075 2149 in
1101 2114 1171 2150 hoc
1201 2114 1239 2149 Ψ
1302 2115 1322 2149 7
1349 2113 1575 2159 relinquit(d)
1601 2113 1658 2148 Hc

126 2174 278 2207 matrem
302 2183 403 2208 suam
427 2182 453 2218 ς
547 2173 570 2208 8
594 2173 715 2208 uxoris
740 2173 817 2219 Hac
841 2175 962 2220 (corr.)
1065 2173 1134 2208 duo
1166 2174 1204 2208 Ψ
1297 2174 1334 2208 in
1361 2184 1464 2209 carne
1491 2184 1564 2208 una
1587 2183 1656 2209 om.

125 2230 248 2266 z’DtB
365 2242 438 2266 non
463 2232 519 2278 ut]
547 2234 585 2268 et
608 2243 681 2268 non
710 2233 743 2267 Φ
844 2233 866 2268 9
893 2243 998 2268 carne
1023 2243 1095 2268 una
1119 2233 1142 2267 k
1263 2232 1395 2278 spiritu
1420 2231 1593 2273 Hmaae.
1618 2232 1656 2266 in

126 2291 212 2336 spir.
236 2290 501 2336 KZDkB,tp.c.
526 2290 564 2326 in
589 2301 661 2326 uno
687 2292 771 2337 spir.
807 2291 845 2327 Ψ
914 2292 955 2327 11
984 2291 1068 2327 aud.
1093 2291 1170 2327 ueri
1194 2302 1219 2337 g
1315 2291 1384 2326 uiri
1411 2292 1443 2327 Σ
1464 2292 1600 2335 (corn),
1623 2292 1656 2326 Φ

124 2349 178 2393 et]
206 2359 284 2384 cum
311 2352 325 2384 t
400 2349 442 2384 12
469 2350 613 2395 cuncta]
637 2351 725 2386 tunc
753 2351 786 2385 Φ
883 2353 920 2386 et
945 2361 1011 2387 om.
1040 2354 1054 2386 t
1155 2350 1400 2396 ind—suum]
1428 2350 1507 2396 ipsc
1532 2352 1570 2385 te
1595 2361 1655 2385 rex

125 2407 163 2442 in
189 2407 392 2443 cubiculum
418 2419 520 2443 suum
547 2408 706 2445 adducet
734 2409 774 2444 Ψ
864 2410 1004 2445 inducit
1022 2408 1102 2445 KH
1129 2409 1368 2446 introducett
1393 2409 1474 2445 ideo
1500 2409 1601 2445 ducit
1623 2410 1655 2444 Φ

123 2468 164 2502 te
189 2476 257 2504 om.
283 2467 323 2502 D
396 2467 439 2502 13
467 2468 514 2512 et]
541 2470 584 2502 ut
611 2469 643 2503 Φ
727 2468 765 2504 in
791 2479 860 2506 om.
884 2468 908 2504 k
993 2469 1110 2505 calore
1137 2469 1180 2504 H
1267 2468 1329 2504 ille
1355 2479 1422 2504 om.
1451 2469 1484 2503 Φ
1570 2479 1653 2503 con-

125 2526 252 2561 ueniat
279 2527 312 2560 Φ
409 2525 452 2562 14
477 2537 549 2561 non
576 2538 645 2562 asc.
675 2528 708 2563 Φ
805 2527 928 2563 albata
953 2528 998 2563 H
1019 2527 1063 2564 de
1090 2529 1161 2563 alia
1190 2529 1223 2563 Φ
1322 2528 1365 2564 15
1392 2527 1486 2563 dom.
1511 2527 1560 2562 mi
1585 2527 1654 2562 ΣΙ)

125 2585 176 2619 mi
201 2585 294 2620 dom.
320 2585 370 2619 mi
395 2585 476 2631 (alt.
501 2585 551 2620 mi
575 2597 602 2621 s.
631 2586 669 2629 1.)
698 2591 713 2622 t
857 2588 1046 2623 eustochia
1071 2587 1164 2623 dom.
1196 2588 1233 2622 Ψ
1363 2587 1587 2622 eusthocium
1613 2585 1656 2620 K

26 2693 31 2702 .
124 2644 312 2680 eustochia
340 2645 529 2690 offchae.
555 2645 747 2681 eusthochi
772 2646 815 2682 H
838 2647 1000 2682 eustochi
1028 2647 1215 2691 2D‚Ba.c.
1244 2646 1468 2682 eustochium
1494 2644 1609 2680 scribo
1629 2656 1653 2689 ς

125 2702 271 2738 domina
297 2707 310 2738 t
423 2703 556 2750 quippe
582 2714 648 2739 om.
675 2704 721 2740 H
803 2706 846 2741 16
873 2717 1000 2741 uocare
1027 2706 1141 2742 debeo
1165 2717 1190 2751 g
1298 2705 1392 2740 dom.
1418 2705 1500 2748 mei]
1526 2703 1585 2748 xpi
1612 2703 1649 2740 Σ.

124 2762 211 2797 add.
237 2754 301 2797 ffiu
325 2763 385 2808 xpi
410 2763 433 2798 k
541 2764 596 2808 ut]
625 2766 662 2798 et
686 2763 732 2799 H
834 2765 1025 2801 lectionem
1054 2764 1097 2799 H
1168 2766 1211 2800 17
1237 2775 1292 2799 me
1318 2775 1388 2799 non
1415 2763 1457 2798 Η
1558 2772 1652 2798 nunc

123 2831 192 2856 om.
219 2821 265 2856 H
355 2821 498 2857 laudem
525 2822 593 2857 ΣΙ)

159 2903 238 2933 LIV.
259 2903 385 2932 Hieron.
406 2904 505 2938 Epist.
526 2906 549 2931 1.
1559 2890 1605 2926 10
