1884 3254
73 630 91 658 5

59 984 94 1012 10

633 201 843 247 Epistula
866 202 951 236 XXI
978 202 1118 237 34—35
1551 206 1633 247 135

115 334 258 375 contra
288 331 351 374 fas
383 331 620 374 sanctitatis
652 331 840 373 hostium
873 330 1027 385 gladiis
1058 330 1301 385 interempti
1333 334 1446 383 sunt,
1479 334 1522 373 et
1546 334 1635 374 nul-

113 403 182 445 lus
221 415 343 444 cruor
378 401 721 458 nobispreddidit
755 401 1015 443 libertatern:
1048 414 1143 444 ecce
1176 401 1313 444 adhuc
1343 402 1530 444 Romano
1563 402 1637 445 im-

114 473 229 527 perio
274 473 555 516 subiacemus.
600 484 680 514 non
724 472 943 527 propheta,
988 484 1067 515 non
1112 472 1323 523 sacerdos,
1374 485 1455 515 non
1498 473 1638 515 iustus

117 543 338 598 quisquam
377 544 620 586 immolatus
660 545 725 585 est
761 543 896 595 nobis,
930 546 972 586 et
1009 557 1082 598 pro
1121 544 1334 587 luxurioso
1366 543 1468 595 filio,
1499 544 1544 586 id
1576 546 1642 586 est

115 626 189 668 pro
222 613 434 669 gentibus,
465 626 540 667 pro
572 613 864 668 peccatoribus
895 613 1028 656 totius
1062 616 1274 657 creaturae
1307 614 1517 669 gloriosus
1549 627 1641 656 san-

117 684 213 739 guis
258 684 417 727 effusus
462 686 546 734 est;
592 697 772 738 cumque
816 685 1073 727 merentibus
1123 685 1283 727 minora
1332 698 1412 727 non
1462 684 1640 736 dederis,

114 755 320 798 inmeritis
347 755 507 797 maiora
529 755 734 799 tribuisti.
763 769 1025 810 numquam
1053 756 1242 798 dedisti
1267 756 1388 798 mihi
1414 756 1639 808 haedum,

116 827 172 868 ut
203 838 311 868 cnm
343 826 518 868 amicis
551 826 674 868 meis
714 827 971 881 epularer’.
1006 839 1132 877 erras,
1166 827 1345 877 Israheh
1380 827 1446 869 dic
1477 827 1641 881 potius:

118 899 180 939 ‘ut
209 899 351 939 tecum
384 898 600 951 epularer'.
633 899 707 939 aut
738 899 881 951 potest
905 897 986 939 tibi
1011 898 1152 952 aliqua
1177 911 1272 940 esse
1297 898 1536 941 iocunditas
1562 897 1643 940 nisi

118 970 236 1023 patre
278 971 420 1010 tecum
465 968 700 1010 celebrante
745 968 1020 1010 conuiuium?
1065 969 1216 1011 saltem
1261 969 1448 1023 exemplo
1494 969 1643 1011 docere

119 1039 343 1094 praesenti.
369 1051 538 1081 reuerso
570 1038 658 1080 filio
682 1038 846 1080 iuniore
873 1040 916 1080 et
939 1041 1058 1093 pater
1082 1040 1265 1082 laetatur
1291 1041 1334 1081 et
1357 1039 1491 1093 pueri.
1518 1052 1644 1081 man·

121 1110 371 1160 ducemus,
405 1110 478 1160 ait,
512 1111 560 1151 et
597 1109 869 1164 epulemur,
902 1122 984 1153 non
1015 1111 1279 1153 ‘manducate
1313 1112 1355 1153 et
1386 1111 1643 1164 epulamini'.

120 1183 164 1224 at
187 1183 234 1223 tu
261 1193 309 1223 ea
333 1182 486 1231 mente,
514 1193 597 1234 qua
619 1180 786 1223 inuidos
812 1181 944 1232 fratri,
972 1194 1054 1235 qua
1079 1195 1102 1224 a
1129 1182 1258 1236 patris
1283 1182 1446 1224 recedis
1473 1183 1647 1236 aspectu

121 1255 163 1295 et
194 1263 360 1306 semper
388 1251 430 1293 in
464 1264 563 1306 agro
597 1264 655 1300 es,
687 1264 798 1294 nunc
831 1265 998 1306 quoque
1029 1252 1096 1294 uis
1131 1253 1302 1295 absente
1335 1265 1382 1295 eo
1413 1252 1519 1295 inire
1552 1265 1647 1296 con-

120 1323 300 1366 uiuium.
335 1335 599 1376 numquam
632 1322 823 1364 dedisti
855 1323 977 1364 mihi
1009 1323 1234 1366 haedum.
1266 1336 1497 1378 numquam
1529 1325 1648 1378 pater

122 1393 327 1436 deteriora
363 1393 436 1436 dat
471 1405 657 1437 munera.
701 1393 830 1435 habes
867 1394 1054 1436 uitulum
1090 1394 1378 1437 immolatum:
1417 1395 1647 1450 ingredere,

122 1464 329 1506 manduca
373 1476 469 1506 cum
511 1463 652 1506 fratre.
698 1464 801 1518 quid
843 1464 1026 1507 haedum
1071 1466 1253 1520 quaeris,
1293 1466 1362 1508 cui
1405 1478 1539 1520 agnus
1584 1467 1650 1508 est

123 1535 310 1577 missus?
343 1537 398 1586 et,
425 1547 475 1577 ne
507 1534 682 1577 simules
713 1536 756 1577 te
787 1535 962 1587 nescire,
995 1536 1109 1590 quod
1140 1536 1299 1579 missus
1332 1538 1410 1588 est,
1441 1536 1648 1579 Iohannes

123 1605 202 1648 tibi
235 1619 332 1648 eum
362 1605 405 1647 in
436 1606 604 1648 heremo
638 1605 918 1648 demonstrat:
952 1619 1065 1649 ecce
1099 1620 1254 1663 agnus
1287 1607 1378 1660 dei,
1407 1620 1533 1659 ecce,
1567 1608 1651 1661 qui

125 1677 272 1720 tollit
306 1678 515 1731 peccata
552 1677 734 1720 mundi.
775 1679 818 1719 et
852 1679 972 1732 pater
1009 1678 1179 1732 quidem
1219 1679 1341 1733 quasi
1379 1679 1564 1721 clemens
1609 1681 1650 1720 et

124 1749 424 1803 paenitentiam
460 1749 649 1792 tribuens
687 1751 729 1791 te
767 1749 962 1792 hortatur
999 1750 1052 1792 ad
1083 1750 1269 1793 uitulum
1308 1763 1389 1793 non
1425 1750 1651 1792 immolans

126 1820 320 1871 haedum,
359 1833 482 1874 quem
521 1822 631 1863 stare
669 1819 752 1863 scit
789 1833 813 1862 a
850 1819 1046 1863 sinistris.
1084 1822 1134 1863 tu
1172 1834 1271 1864 uero
1303 1821 1346 1863 in
1377 1820 1458 1863 fine
1492 1820 1653 1864 saeculi

248 1948 267 1983 7
293 1947 381 1984 Luc.
410 1947 464 1991 15,
489 1947 534 1982 29
641 1946 681 1982 11
709 1945 793 1983 Luc.
823 1948 877 1992 15,
903 1947 949 1982 23
1066 1947 1110 1982 15
1136 1947 1222 1982 Luc.
1250 1947 1305 1991 15,
1331 1947 1376 1982 29
1483 1947 1526 1983 19
1552 1947 1652 1983 *Ioh.

127 2007 160 2051 1,
186 2007 231 2042 29
303 2006 350 2041 22
376 2005 419 2041 cf.
445 2005 576 2041 Matth.
604 2005 661 2047 25,
688 2006 733 2041 33

177 2090 194 2124 1
221 2088 275 2124 fas
300 2100 328 2124 s.
356 2090 379 2124 l.
405 2091 468 2124 m2
493 2089 526 2124 Σ
615 2089 737 2124 nullus
764 2099 887 2124 eorum
919 2088 949 2130 Q
973 2088 1106 2123 nullius
1133 2100 1157 2134 g
1229 2089 1251 2123 2
1278 2088 1397 2124 reddit
1422 2089 1462 2124 X
1535 2089 1556 2124 3
1582 2100 1654 2124 non

127 2147 292 2184 sacerdos
317 2158 345 2183 8.
372 2148 397 2183 l.
423 2148 456 2182 Σ
498 2148 520 2182 4
546 2147 698 2193 quisque
724 2148 757 2182 Σ
848 2159 911 2192 pro
938 2147 1042 2182 nobis
1068 2147 1266 2192 Zp.‹2.m2,g
1362 2147 1426 2183 alt.
1454 2150 1509 2183 est
1532 2159 1561 2183 8.
1583 2148 1606 2183 l.
1626 2148 1660 2183 Σ

130 2211 150 2244 5
172 2207 237 2243 alt.
258 2219 320 2253 pro
334 2217 403 2244 om.
417 2207 453 2241 Β
525 2206 786 2253 peccatricibus
799 2206 835 2240 Β
908 2206 1014 2252 glor.]
1036 2206 1127 2251 glor.
1142 2206 1313 2242 creatoris
1327 2206 1364 2241 B
1413 2207 1432 2242 7
1447 2218 1518 2242 non
1533 2208 1654 2251 (eras.)

128 2266 291 2302 tribuisti
322 2266 371 2299 W
462 2266 483 2301 8
509 2265 762 2310 erras—epm]
789 2265 830 2300 in
854 2276 921 2311 my.
945 2265 1016 2311 inf.
1042 2267 1104 2300 m2
1130 2266 1168 2308 Σ,
1194 2276 1262 2302 om.
1295 2265 1346 2299 W
1423 2266 1446 2301 9
1472 2265 1596 2312 epuler
1626 2266 1657 2309 Q

130 2325 182 2361 ibi
208 2326 252 2360 al.
279 2336 356 2360 esse
391 2324 439 2358 W
457 2324 528 2359 tibi
555 2334 631 2358 esse
658 2323 701 2360 al.
728 2323 835 2358 ΣΒΒ
861 2334 938 2358 esse
963 2323 1033 2358 tibi
1058 2323 1104 2359 al.
1128 2335 1153 2369 g
1322 2324 1366 2359 10
1391 2324 1512 2359 saltim
1539 2325 1656 2360 z'WB

133 2386 174 2420 11
202 2395 290 2430 puer
321 2384 351 2426 Q
448 2384 491 2418 12
518 2383 735 2428 aepulemini
759 2383 838 2428 (alt.
867 2394 884 2418 e
909 2383 951 2418 in
975 2394 1050 2418 ras.
1073 2384 1151 2428 m2)
1176 2384 1209 2418 Σ
1296 2383 1340 2419 13
1366 2383 1412 2419 ad
1437 2383 1490 2429 (at
1514 2386 1590 2429 m2)
1614 2386 1656 2420 ‘tu

132 2455 175 2479 ea
199 2443 241 2478 X
263 2442 309 2479 ad
334 2445 398 2478 tua
430 2442 480 2476 W
500 2443 562 2477 aut
586 2443 650 2477 tua.
681 2441 711 2484 Q
814 2442 859 2477 14
883 2443 990 2488 nunc]
1017 2453 1103 2477 num
1135 2442 1221 2478 WX
1340 2442 1416 2478 abs.
1442 2443 1497 2488 eo]
1525 2453 1569 2479 cx
1593 2443 1655 2478 ab·

131 2504 234 2538 sente
259 2503 323 2538 m2
346 2502 379 2537 Σ
400 2501 587 2537 absentem
620 2500 670 2535 W
689 2512 730 2537 eo
756 2500 906 2536 absente
929 2512 955 2546 g
1033 2502 1078 2537 15
1102 2500 1192 2536 mihi
1217 2499 1299 2536 ded.
1325 2501 1352 2536 Δ
1449 2501 1655 2547 numquam]

133 2566 201 2607 que
227 2564 260 2605 (e
285 2562 327 2596 in
351 2572 424 2596 ras.
444 2562 520 2603 m2)
546 2560 595 2594 W
665 2561 708 2596 16
735 2550 866 2596 difiora
890 2561 927 2596 B
952 2560 1084 2596 ditiora
1108 2560 1147 2595 D
1173 2559 1310 2595 diciora
1334 2561 1368 2595 Σ
1445 2561 1487 2595 17
1515 2559 1657 2605 quaeris

133 2631 201 2656 om.
234 2620 284 2654 W
380 2620 450 2666 cui]
477 2630 557 2655 cum
593 2619 640 2653 W
734 2619 832 2654 miss.
860 2621 917 2654 est
948 2619 998 2654 W
1073 2619 1117 2655 18
1144 2621 1181 2655 et
1205 2630 1273 2655 om.
1307 2618 1357 2652 W
1446 2618 1593 2653 missum
1619 2617 1659 2652 D

132 2679 298 2714 iohannis
317 2679 489 2715 Xa.c.m2
539 2679 581 2714 19
603 2689 683 2714 eum
702 2689 770 2715 om.
791 2678 912 2720 WXQ
984 2678 1255 2714 demonstrabat
1267 2676 1572 2713 Zdemonstrauit
1584 2675 1659 2711 DB

134 2738 180 2774 20
205 2740 392 2784 peccatum
416 2738 453 2772 B
519 2737 562 2772 21
591 2737 638 2773 ad
661 2748 689 2775 ε.
717 2738 739 2774 l.
766 2738 799 2773 Σ
861 2738 906 2773 22
927 2737 1249 2783 quem—haedum]
1270 2737 1311 2771 in
1335 2747 1401 2781 my.
1427 2746 1507 2780 sup.
1532 2737 1596 2771 m2
1620 2735 1662 2769 X

135 2798 236 2833 scitis
263 2802 305 2843 (s.
332 2798 371 2844 l.)
397 2799 430 2833 Σ
450 2799 556 2844 putas
589 2797 638 2831 W
715 2798 753 2833 in
779 2797 935 2833 sinistris
968 2796 1018 2831 W
1037 2795 1084 2832 ad
1109 2796 1291 2831 sinistram
1316 2807 1340 2840 g
1435 2795 1542 2830 finem
1576 2793 1663 2828 WX
