1884 3254
244 266 329 308 476
786 263 937 298 Sancti
963 261 1220 307 Hieronymi

245 396 286 436 et
317 396 419 449 potu
452 406 630 443 sumere,
664 392 776 434 sicut
802 404 823 433 e
850 391 1053 434 contrario
1081 391 1267 442 senibus,
1300 392 1371 445 qui
1397 391 1553 446 pituita
1576 392 1766 436 laborent

184 469 207 502 5
246 467 288 506 et
318 465 485 520 frigore,
524 463 681 506 calidos
715 462 830 504 cibos
870 470 911 504 et
947 463 1092 503 uetera
1127 461 1227 504 uina
1264 462 1391 516 prode
1431 475 1535 506 esse.
1575 463 1685 505 unde
1724 466 1766 506 et

246 537 450 578 saluator:
478 533 770 583 adtendite,
790 532 942 586 inquit,
963 532 1135 584 uobis,
1157 545 1215 575 ne
1236 533 1377 575 forte
1398 533 1766 588 adgrauentur

246 605 405 648 corda
435 607 620 646 uestra
650 604 701 645 in
736 604 957 656 crapula
982 605 1032 645 et
1059 603 1327 662 ebrietate
1355 607 1406 646 et
1431 605 1578 646 curis
1600 600 1765 647 'buius

245 677 405 718 uitae.
463 679 504 716 et
556 675 794 728 apostolus:
849 674 988 723 uine,
1045 674 1095 715 in
1147 686 1246 728 quo
1291 676 1374 716 est
1421 675 1648 717 luxuria.
1691 688 1767 717 nec

244 747 397 788 mirum
429 746 508 787 hoc
538 744 718 800 figulum
751 744 934 787 sensisse
966 744 1016 786 de
1047 745 1237 795 uasculo,
1270 745 1381 799 quod
1412 745 1503 799 ipse
1540 745 1766 788 fabricatus

243 818 323 868 est,
374 828 469 858 cum
520 816 645 857 etiam
696 815 898 866 comicus,
950 815 1071 857 cuius
1121 814 1215 857 finis
1266 818 1333 858 est
1374 816 1579 859 humanos
1629 829 1766 859 mores

245 899 367 929 nosse
411 889 542 942 atque
581 886 830 938 describere,
875 885 1041 928 dixen't:
1087 886 1202 928 sine
1247 885 1437 929 Cerere
1484 889 1536 928 et
1574 887 1766 930 Libero

245 959 416 1014 friget
448 959 636 1001 Uenus.

306 1030 373 1071 10.
422 1028 610 1070 Primum
653 1028 796 1083 igitur,
847 1027 883 1070 si
930 1029 1070 1069 tamen
1116 1028 1324 1070 stomachi
1367 1028 1544 1071 firmitas
1592 1029 1765 1084 patitur,

245 1100 375 1142 donec
405 1099 612 1152 puellares
645 1110 772 1140 annos
803 1101 1005 1149 transeas,
1045 1111 1195 1152 aquam
1227 1098 1268 1139 in
1301 1101 1449 1152 potum
1487 1110 1622 1150 sume,
1661 1111 1767 1153 quae

244 1173 391 1211 natura
420 1168 697 1223 frigidissima
729 1171 808 1220 est,
841 1170 926 1218 aut,
960 1168 996 1210 si
1027 1169 1107 1211 hoc
1138 1168 1394 1211 inbecillitas
1427 1169 1634 1223 prohibet,
1667 1170 1767 1212 audi

247 1253 342 1282 cum
361 1239 599 1282 Timotheo:
625 1239 748 1281 uino
774 1239 982 1281 modico
1009 1241 1161 1281 utere
1186 1242 1408 1294 propter
1434 1240 1766 1282 stomachum

184 1314 208 1347 2
247 1312 297 1351 et
327 1310 642 1364 frequentes
674 1312 795 1352 tuas
827 1310 1206 1352 infirmitates.
1252 1310 1400 1352 deinde
1437 1310 1479 1352 in
1516 1310 1623 1364 ipsis
1657 1310 1766 1352 'cibis

246 1380 383 1422 calida
413 1393 602 1434 quaeque
634 1380 793 1430 deuita;
827 1393 906 1422 non
945 1381 1083 1423 solum
1122 1380 1171 1422 de
1211 1380 1404 1422 carnibus
1441 1381 1602 1434 loquor,
1642 1393 1768 1436 super

247 1452 399 1506 quibus
424 1464 501 1493 uas
528 1451 749 1493 electionis.
770 1451 929 1505 profert
954 1452 1225 1493 sententiam:
1256 1451 1447 1493 bonum
1475 1454 1559 1494 est
1583 1451 1766 1493 uinum

247 1535 343 1563 non
381 1521 565 1563 bibere
605 1524 655 1563 et
693 1534 900 1563 carnem
939 1534 1037 1563 non
1076 1522 1407 1572 manducare,
1448 1522 1520 1564 sed
1559 1522 1687 1564 etiam
1722 1523 1766 1564 in

243 1591 350 1646 ipsis
370 1592 655 1646 leguminibus
676 1592 863 1637 inflantia
882 1603 1072 1646 quaeque
1092 1594 1134 1634 et
1153 1593 1298 1647 grauia
1324 1591 1568 1634 declinanda
1593 1595 1691 1635 sunt
1709 1617 1766 1623 -—

246 1663 434 1716 nihilque
459 1663 518 1704 ita
543 1663 651 1705 scias
679 1663 910 1705 conducere
931 1662 1179 1706 Christianis
1207 1663 1547 1706 adulescentibus
1573 1666 1622 1705 ut
1646 1676 1766 1706 esum

245 1733 450 1784 holerum,
500 1733 610 1775 unde
655 1736 696 1776 et
738 1734 780 1775 in
826 1734 907 1776 alio
951 1735 1066 1776 loco:
1118 1734 1207 1788 qui
1250 1734 1503 1777 infirmus
1548 1737 1643 1786 est,
1694 1735 1764 1785 ait,

366 1906 386 1939 3
415 1905 522 1940 *Luc.
548 1906 605 1947 21,
632 1906 677 1940 34
774 1908 794 1941 5
820 1906 914 1951 Eph.
940 1908 972 1950 5,
1001 1907 1045 1941 18
1142 1907 1163 1942 8
1190 1906 1330 1941 Terent.
1358 1907 1447 1942 Eun.
1474 1908 1542 1942 732
1659 1908 1703 1943 13
1729 1909 1768 1944 *1

245 1964 337 1999 Tim.
364 1964 397 2005 5,
424 1965 468 1999 23
544 1965 588 1999 16
613 1966 657 2000 cf.
684 1966 764 2000 Act.
790 1966 823 2005 9,
854 1966 896 2000 15
994 1965 1118 2001 *Rom
1148 1967 1203 2010 14,
1229 1966 1271 2000 21
1348 1966 1394 2001 20
1420 1966 1543 2001 *Rom
1572 1968 1628 2011 14,
1653 1968 1674 2002 2

298 2083 314 2117 1
344 2084 380 2117 et
404 2083 439 2117 in
466 2085 555 2128 potu
580 2094 719 2118 sumere
748 2083 783 2118 G
809 2086 845 2118 et
870 2095 1008 2118 sumere
1036 2086 1073 2118 et
1098 2087 1220 2128 potum
1251 2085 1283 2118 Φ
1379 2084 1413 2130 e]
1440 2087 1477 2119 et
1506 2085 1538 2119 Φ
1634 2085 1769 2129 pituita

241 2146 391 2186 praeter
415 2142 451 2187 pi
476 2153 504 2177 s.
531 2143 553 2177 l.
580 2142 623 2176 K
706 2160 709 2162 ·
731 2142 898 2178 laborent
926 2143 1004 2178 GK
1025 2143 1183 2178 laborem
1215 2144 1247 2178 Φ
1270 2143 1439 2178 laborant
1463 2147 1524 2179 cet.
1621 2145 1643 2178 2
1669 2144 1768 2179 calli·

250 2200 313 2234 dos
343 2202 375 2234 Φ
470 2201 570 2236 cibus
595 2200 639 2235 K
729 2203 813 2236 uina
839 2204 963 2237 uetera
987 2202 1026 2237 D
1121 2205 1294 2237 ueterana
1319 2203 1355 2236 B
1450 2201 1560 2246 prode
1587 2213 1664 2238 esse
1695 2203 1774 2238 GK

250 2259 418 2304 prodesse
444 2263 508 2294 cet.
605 2264 682 2295 tert.
711 2263 747 2296 et
773 2271 840 2295 om.
866 2262 901 2296 B
993 2263 1013 2296 3
1040 2261 1200 2296 saluator
1227 2272 1244 2296 e
1270 2263 1303 2306 (e
1330 2262 1438 2304 eras.)
1467 2261 1501 2296 G
1596 2261 1699 2296 nobis
1725 2272 1770 2297 ex

250 2329 314 2352 uos
333 2318 372 2352 K
451 2321 643 2364 grauentur
661 2319 736 2354 DB
784 2322 806 2354 4
827 2321 948 2365 corda]
971 2320 1169 2365 corporaD
1192 2346 1196 2349 -
1241 2320 1330 2366 ebr.]
1352 2321 1387 2355 in
1407 2320 1479 2355 ebr.
1493 2320 1533 2355 D
1605 2321 1671 2356 alt.
1686 2323 1767 2356 et—

249 2377 347 2411 uitae
373 2387 441 2412 om.
461 2378 500 2412 D
549 2380 569 2413 5
596 2379 673 2413 uita
698 2382 752 2413 est
776 2380 808 2413 Φ
879 2380 962 2414 uino
992 2379 1066 2414 GD
1083 2380 1206 2414 uinum
1227 2382 1288 2414 cet.
1308 2379 1421 2414 nolite
1447 2378 1617 2414 inebriari
1642 2381 1727 2414 uino
1745 2391 1770 2425 ς

250 2435 271 2470 7
298 2435 449 2470 comicos
473 2435 516 2470 K
536 2436 604 2471 hoc
630 2438 785 2472 comicus
804 2438 843 2472 D
926 2439 1102 2473 humanus
1121 2438 1165 2473 K
1221 2439 1242 2473 8
1268 2438 1462 2473 discribere
1480 2437 1602 2473 ΚΦΨ
1659 2439 1680 2474 9
1707 2438 1768 2473 fri-

250 2505 333 2539 gere
352 2494 392 2528 D
466 2495 509 2530 10
534 2495 697 2540 primum]
723 2496 851 2531 librum
879 2497 1032 2542 primum
1061 2497 1094 2531 Φ
1170 2499 1290 2531 tamen
1316 2507 1383 2532 om.
1409 2496 1449 2531 D
1518 2496 1709 2532 infirmitas
1734 2498 1770 2532 B

252 2553 291 2587 11
319 2556 407 2598 potu
432 2553 471 2588 D
495 2556 621 2599 putum
647 2554 690 2588 K
754 2556 796 2590 12
822 2558 970 2591 naturae
1000 2555 1071 2591 ΘΦ
1165 2555 1421 2601 frigidissimae
1450 2555 1484 2591 G
1551 2555 1594 2591 13
1620 2567 1708 2602 prop
1729 2556 1774 2591 K

250 2614 447 2647 stomacum
476 2613 510 2648 G
535 2613 757 2648 sthomacum
782 2614 824 2648 K
848 2615 1068 2650 stomachom
1095 2615 1237 2650 Dtpaae.
1325 2615 1367 2649 15
1394 2614 1523 2649 callida
1552 2616 1584 2649 Φ
1665 2615 1707 2651 16
1734 2618 1770 2650 et

249 2670 382 2705 bonum
411 2671 443 2706 Φ
526 2682 597 2706 non
623 2672 741 2708 mand.
769 2684 864 2707 carn.
892 2676 928 2707 et
952 2684 1023 2708 non
1049 2673 1123 2708 bib.
1150 2674 1221 2708 uin.
1249 2674 1288 2708 D
1398 2674 1440 2708 18
1465 2673 1549 2719 leg.]
1575 2673 1767 2708 uolumini-

249 2730 316 2764 bus
348 2730 385 2764 Ψ
456 2731 499 2766 19
526 2731 617 2765 scias
642 2731 695 2767 ita
721 2731 755 2765 B
852 2731 1047 2767 condecere
1073 2732 1111 2767 D
1207 2732 1356 2767 adulisc.
1381 2732 1464 2767 ΒΨ
1485 2732 1767 2768 aduliscentulns

248 2788 329 2832 (sic)
359 2790 391 2822 Φ
416 2789 568 2824 adolesc.
594 2801 618 2834 ς
755 2791 806 2836 ut]
836 2793 872 2824 et
901 2792 933 2825 Φ
1050 2791 1098 2827 20
1123 2791 1257 2826 olerum
1283 2791 1437 2826 Daaeffl
1564 2791 1599 2825 in
1625 2802 1654 2826 s.
1680 2793 1702 2827 Ζ.
1733 2791 1767 2826 G

250 2846 302 2880 ait
329 2846 388 2891 qui
414 2847 477 2881 inf.
505 2850 559 2881 est
585 2848 623 2882 D

1791 1019 1871 1069 ιοἸ

1790 1394 1826 1422 15

1792 1746 1829 1775 20
