1884 3254
37 1024 73 1053 10

624 243 832 289 Epistula
856 236 938 278 mv
964 243 1102 279 16—18
1538 246 1621 286 485

97 375 139 416 in
171 376 349 429 utroque
380 373 475 416 fidei
509 387 609 416 suae
642 374 1096 417 obtulit-testamento.
1136 374 1238 417 haec
1270 377 1369 417 sunt
1401 375 1482 417 duo
1516 387 1623 417 sera-

97 445 196 500 phin
228 448 293 487 ter
323 445 599 501 glorificantia
629 445 862 488 trinitatem
895 447 938 488 et
972 446 1014 487 in
1051 446 1251 488 thesauro
1289 445 1491 489 ecclesiae
1531 458 1623 488 con-

98 515 197 566 dita,
218 515 327 558 unde
348 517 390 557 et
408 515 566 569 forcipe
586 515 807 569 utriusque
833 516 1104 558 instrumenti
1130 516 1275 558 ardens
1303 516 1427 558 carbo
1454 529 1624 570 conpre-

95 586 252 628 hensus
282 588 436 642 purgat
466 586 578 628 labia
608 586 856 640 peccatoris.

158 657 226 699 18.
272 656 384 708 Quid
421 659 565 699 uetera
601 659 788 711 repetam
827 659 870 700 et
908 657 1089 700 uirtutes
1126 657 1375 700 feminarum
1415 657 1464 700 de
1504 657 1623 700 libris

96 727 318 781 proferam,
363 741 460 770 cum
498 728 636 782 possis
674 729 830 770 multas
869 728 948 770 tibi
986 731 1081 771 ante
1120 729 1279 786 oculos'
1309 741 1539 782 proponere
1582 728 1622 770 in

95 797 213 850 urbe,
259 811 342 853 qua
383 797 511 850 uiuis,
557 812 734 853 quarum
778 798 936 841 imitari
979 798 1218 854 exemplum
1263 799 1443 842 debeas?
1489 800 1531 841 et
1573 811 1623 840 ne

96 869 242 912 uidear
284 869 525 912 adulatione
567 882 640 924 per
684 870 878 925 singulas
920 883 1098 922 currere,
1150 870 1310 913 sufficit
1351 870 1430 913 tibi
1481 872 1626 912 sancta

95 939 310 990 Marcella,
349 953 455 994 quae
486 940 741 995 respondens
774 940 916 996 generi
948 954 1024 983 suo
1058 940 1218 995 aliquid
1255 941 1376 983 nobis
1415 941 1464 983 de
1503 953 1624 982 euan-

98 1011 208 1066 gelio
258 1011 416 1053 retulit.
463 1011 583 1053 Anna
627 1013 788 1066 septem
834 1011 952 1053 annis
997 1024 1020 1053 a
1063 1011 1308 1067 uirginitate
1353 1023 1430 1053 sua
1469 1010 1627 1053 uixerat
1662 1019 1683 1053 2

15 1109 35 1130 a
97 1094 192 1124 cum
236 1082 402 1134 marito,
447 1082 531 1124 ista
575 1085 737 1137 septem
782 1082 1019 1132 mensibus;
1065 1082 1139 1124 illa
1178 1080 1336 1124 Christi
1380 1081 1637 1136 expectabat·

39 1380 74 1409 15

33 1737 72 1765 20

97 1151 340 1204 aduentum,
383 1152 469 1195 ista
505 1155 634 1206 tenet,
677 1166 802 1207 quem
842 1153 916 1195 illa
960 1154 1222 1207 susceperat3
1267 1153 1341 1195 illa
1383 1153 1624 1208 uagientem

96 1223 283 1273 canebat,
324 1223 410 1265 ista
445 1222 660 1277 praedicat
696 1223 1048 1277 triumphantem3
1086 1223 1161 1265 illa
1196 1223 1450 1277 loquebatur
1487 1222 1537 1265 de
1576 1234 1624 1264 eo

96 1294 304 1343 omnibus,
332 1294 405 1348 qui
437 1294 712 1349 expectabant
734 1293 1066 1348 redemptionem
1091 1293 1372 1344 Hierusalem,
1399 1293 1502 1336 haec
1529 1306 1625 1335 cum

97 1355 327 1419 redemptis
354 1364 552 1420 gentibus
579 1365 790 1407 clamitat:
815 1365 986 1407 frater
1010 1377 1108 1407 non
1134 1364 1368 1416 redimit,
1396 1365 1625 1407 redimet

95 1436 276 1478 homo?
302 1436 420 1478 etde
447 1436 529 1478 alio
556 1435 739 1490 psalmo:
767 1436 917 1478 homo
950 1437 1108 1478 natus
1141 1435 1304 1490 estin
1339 1449 1396 1478 ea
1427 1438 1479 1478 et
1508 1435 1624 1490 ipse

97 1506 353 1550 fundauit
384 1520 492 1549 eam
526 1507 855 1549 altissimus.
896 1507 983 1549 scio
1015 1518 1083 1548 me
1116 1510 1211 1556 ante
1242 1507 1322 1549 hoc
1353 1507 1482 1549 ferme
1513 1507 1625 1549 bien·
1665 1518 1685 1552 3

95 1578 212 1620 nium
251 1577 436 1620 edidisse
473 1577 603 1620 libros
643 1579 787 1620 contra
822 1577 1104 1629 Iouinianum,
1151 1577 1305 1632 quibus
1344 1578 1559 1620 uenientes
1605 1590 1626 1619 e

95 1649 300 1692 contrario
340 1649 622 1703 quaestiones,
661 1648 734 1691 ubi
779 1649 997 1704 apostolus
1038 1649 1230 1692 concedit
1267 1649 1450 1691 secunda
1486 1648 1626 1691 matri·

96 1720 247 1771 monia,
286 1721 589 1775 scripturarum
627 1720 879 1762 auctoritate
918 1720 1111 1762 contriui.
1155 1722 1199 1763 et
1233 1733 1315 1763 non
1352 1732 1523 1762 necesse
1562 1722 1628 1762 est

96 1791 242 1833 eadem
287 1804 334 1833 ex
376 1791 539 1846 integro
585 1791 778 1844 scribere,
829 1803 926 1833 cum
968 1791 1110 1846 possis
1152 1791 1262 1843 inde,
1315 1803 1421 1845 quae
1471 1791 1627 1844 scripta

96 1864 209 1914 sunt,
254 1863 450 1904 mutuari.
500 1862 579 1905 hoc
623 1865 805 1912 tantum,
855 1874 906 1903 ne
950 1862 1121 1904 modum
1168 1861 1359 1917 egrediar
1401 1861 1625 1917 epistulae,

94 1933 352 1976 admonitam
383 1922 500 1977 uolo:
540 1933 682 1988 cogita
713 1935 755 1975 te
787 1932 962 1976 cottidie
995 1945 1088 1976 esse
1125 1933 1388 1984 morituram,
1427 1934 1470 1975 et
1507 1946 1625 1975 num-

3 1982 24 2006 A'
96 2017 221 2059 quam
253 2004 303 2047 de
336 2004 531 2047 secundis
563 2004 725 2059 nuptiis
759 2003 981 2060 cogitabis.

215 2109 233 2145 1
263 2108 307 2144 cf.
333 2109 427 2145 Esai.
455 2109 488 2150 6,
515 2109 607 2144 2-3
657 2110 678 2144 3
706 2108 750 2144 cf.
778 2109 872 2144 Esai.
900 2109 934 2153 6,
959 2108 1051 2144 6-7
1105 2108 1148 2144 10
1174 2107 1219 2143 cf.
1238 2107 1324 2144 Luc.
1352 2109 1386 2150 2,
1412 2108 1458 2143 36
1509 2108 1550 2143 11
1580 2107 1624 2143 cf.

96 2167 180 2203 Luc.
204 2169 237 2209 2,
263 2169 310 2204 38
361 2169 405 2220 15
430 2169 490 2204 Pe.
515 2168 574 2213 48,
601 2168 622 2203 8
675 2169 717 2203 16
736 2169 795 2203 Ps.
822 2169 880 2210 86,
898 2169 919 2203 5
972 2168 1015 2203 19
1042 2170 1086 2204 cf.
1112 2167 1131 2203 Ι
1157 2167 1235 2204 Cor.
1263 2168 1296 2213 7,
1322 2168 1356 2204 9.
1377 2167 1505 2204 ITim.
1525 2168 1559 2212 5,
1583 2168 1626 2202 14

145 2252 162 2285 1
202 2250 382 2297 seraphim
425 2250 496 2286 ΨΒ
639 2251 662 2285 2
698 2253 843 2286 tesauro
881 2251 917 2286 B
954 2251 1009 2295 t(h
1035 2250 1260 2296 s.l.)ensauro
1299 2250 1343 2285 K
1376 2249 1565 2285 thesauros
1602 2260 1626 2294 ς

96 2310 117 2345 3
143 2311 353 2346 testamenti
378 2310 455 2346 DB
573 2312 595 2347 6
621 2310 724 2356 profi]
751 2310 1009 2356 prophetarum
1041 2308 1079 2344 Ψ
1220 2320 1345 2355 posses
1370 2309 1410 2344 D
1542 2311 1626 2344 ante

97 2379 150 2404 oc.
175 2369 244 2404 tibi
267 2381 292 2414 ς
401 2370 445 2405 10
471 2381 536 2405 sua
561 2380 630 2405 om.
656 2370 692 2404 Β
717 2388 719 2390 ·
814 2369 855 2404 11
885 2380 964 2403 cum
988 2379 1076 2403 mar.
1102 2378 1131 2403 s.
1158 2367 1182 2403 l.
1207 2370 1270 2403 m2
1294 2367 1338 2403 K
1444 2367 1489 2402 12
1515 2368 1625 2402 susci-

96 2431 200 2474 perat
224 2428 302 2463 ΚΦ
388 2429 430 2464 13
457 2430 629 2464 cernebat
652 2439 677 2474 ς
772 2427 1006 2473 praedicabat
1030 2426 1115 2461 KP
1208 2438 1249 2462 eo
1276 2437 1344 2462 om.
1370 2426 1410 2461 D
1497 2426 1540 2460 14
1567 2437 1623 2460 ex-

97 2488 287 2534 spectabat
315 2489 347 2523 Φ
442 2489 631 2524 ierusalem
657 2489 694 2523 Β
718 2488 824 2523 israel
842 2499 868 2533 ς
942 2488 985 2522 15
1009 2487 1170 2533 redimit]
1196 2486 1350 2522 redimet
1369 2485 1449 2520 KD
1473 2484 1626 2520 redemit

99 2547 251 2592 Φ,ΨΡ.ο.
364 2547 530 2594 redimet]
557 2547 703 2583 redimit
728 2547 767 2582 D
790 2546 944 2582 redemit
975 2546 1012 2581 Ψ
1097 2546 1139 2581 16
1159 2556 1219 2590 pr.
1244 2545 1368 2590 homo]
1397 2546 1434 2579 et
1458 2545 1564 2579 homo
1595 2545 1627 2578 Φ

98 2606 162 2642 alt.
189 2608 227 2641 et
251 2617 317 2642 om.
344 2606 384 2641 D
440 2606 483 2642 17
509 2605 679 2642 fundabit
704 2606 742 2641 D
816 2606 908 2651 eam]
935 2616 977 2641 ea
1003 2605 1046 2640 K
1099 2605 1142 2640 18
1168 2604 1352 2639 iouianum
1383 2605 1415 2638 Φ
1468 2603 1515 2638 20
1542 2614 1625 2638 con-

97 2664 202 2700 trinit
226 2665 266 2700 D
291 2666 469 2701 contritae
495 2667 580 2701 sunt
606 2665 641 2700 Β
779 2668 835 2700 est
858 2675 936 2700 nec.
961 2675 986 2710 g
1105 2665 1151 2699 22
1175 2666 1339 2698 mutuare
1364 2663 1400 2698 B
1425 2662 1556 2696 mutari
1588 2661 1625 2696 Ψ

97 2724 143 2759 23
169 2724 278 2770 adm]
305 2725 391 2760 add.
411 2727 448 2760 te
465 2735 490 2770 ς
610 2724 773 2771 quotidie
799 2726 836 2759 te
855 2734 880 2769 g
1006 2722 1138 2758 cotidie
1160 2721 1274 2757 KDB
1392 2721 1566 2756 moritura
1587 2720 1626 2755 D

98 2783 144 2818 24
170 2783 292 2830 cogit.]
321 2783 406 2820 add.
426 2794 550 2829 recog.
576 2784 746 2820 betheem
772 2783 862 2826 (sic).
887 2783 968 2818 finit
993 2782 1156 2828 (explicit
1185 2780 1237 2827 Ψ)
1269 2780 1314 2816 ad
1340 2780 1470 2815 furiam
1498 2778 1542 2815 de
1569 2780 1623 2814 ui-

99 2842 237 2878 duitate
263 2843 440 2879 seruanda
463 2832 507 2878 K
514 2843 551 2878 Ψ
571 2842 718 2888 explicit
743 2841 789 2878 ad
814 2842 943 2877 furiam
971 2840 1071 2885 (add.
1100 2840 1245 2875 uiduam
1276 2840 1320 2884 Φ)
1347 2839 1422 2875 ΒΦ
