1884 3254
215 269 300 310 290
758 265 909 300 Sancti
934 265 1187 309 Hieronymi

214 396 341 449 lupus
373 407 496 448 rapax
529 396 570 435 et
602 393 815 435 Beniamin
849 392 1169 440 adulescentior,
1201 392 1243 433 in
1275 393 1407 434 extasi
1445 396 1651 444 caecatur,
1683 397 1733 437 ut

215 465 370 515 uideat,
397 466 439 506 et
468 464 682 518 repentino
713 463 975 505 tenebrarum
1008 463 1173 504 horrore
1203 462 1487 505 circumdatus
1518 464 1731 508 dominum

217 538 354 583 uocat,
387 547 510 588 quem
543 534 700 575 dudum
733 536 782 574 ut
811 533 1022 574 hominem
1054 533 1395 587 persequebatur.

278 607 317 647 2.
356 606 421 647 Ita
464 607 505 646 et
548 617 670 654 nunc,
709 604 767 645 mi
803 603 1017 653 Marcella,
1055 603 1272 646 Blesillam
1316 607 1502 647 nostram
1546 605 1734 648 uidimus

219 675 361 717 ardore
382 675 558 716 febrium
580 687 652 728 per
671 673 845 728 triginta
863 674 992 715 ferme
1012 673 1101 716 dies
1116 674 1277 730 iugiter
1296 677 1527 726 aestuasse,
1541 677 1591 717 ut
1611 676 1737 718 sciret
1777 691 1795 720 5

218 745 445 787 reiciendas
467 745 637 787 delicias
659 743 858 798 corporis,
874 744 986 797 quod
1005 745 1130 798 paulo
1143 747 1241 798 post
1253 745 1469 787 uermibus
1485 747 1736 788 exarandum

221 816 287 858 sit.
325 815 440 856 uenit
477 817 519 856 et
556 814 607 856 ad
645 814 750 856 hanc
791 813 985 856 dominus
1017 815 1138 857 Iesus
1176 815 1403 870 tetigitque
1441 829 1611 858 manum
1645 818 1736 859 eius

222 889 264 928 et
295 898 390 928 ecce
423 898 599 940 surgens
625 885 837 927 ministrat
868 885 918 927 ei.
943 885 1159 927 redolebat
1190 887 1349 939 aliquid
1380 887 1670 942 neglegentiae
1697 891 1740 929 et

222 957 463 998 diuitiarum
502 955 643 997 fasciis
683 955 892 1010 conligata
919 955 969 997 ‘in
1003 957 1162 998 saeculi
1192 956 1358 999 iacebat
1389 958 1625 1011 sepulchro,
1666 957 1738 999 sed

222 1027 473 1069 confremuit
510 1026 629 1068 Iesus
666 1028 707 1068 et
745 1026 1019 1068 conturbatus
1056 1027 1099 1068 in
1138 1027 1290 1081 spiritu
1335 1028 1536 1070 clamauit
1579 1028 1737 1070 dicens:
1764 1043 1800 1072 10

221 1098 407 1147 Blesilla,
457 1097 532 1138 exi
574 1097 720 1138 foras
765 1109 871 1150 quae
921 1099 1074 1139 uocata
1124 1099 1302 1140 surrexit
1346 1101 1388 1140 et
1432 1111 1600 1154 egressa
1643 1111 1739 1140 cum

224 1168 390 1209 domino
423 1167 622 1209 uescitur.
653 1166 798 1208 Iudaei
831 1167 1043 1209 minentur
1081 1171 1123 1209 et
1158 1171 1361 1220 tumeant,
1396 1171 1598 1223 quaerant
1634 1169 1740 1211 occi-

224 1238 319 1279 dere
351 1238 613 1289 suscitatam,
648 1238 728 1279 3011
761 1238 941 1292 apostoli
974 1239 1223 1293 glorientur:
1257 1240 1339 1282 scit
1370 1252 1414 1281 se
1451 1240 1583 1282 uitam
1622 1253 1742 1282 suam

225 1309 262 1350 ei
300 1309 461 1358 debere,
502 1309 570 1349 0111
609 1308 803 1358 credidit;
844 1309 1007 1364 scit-se
1046 1310 1136 1351 eius
1176 1310 1409 1364 amplexare
1441 1311 1582 1365 pedes,
1621 1312 1742 1353 cuius

225 1379 348 1432 paulo
383 1381 475 1420 ante
506 1379 712 1420 iudicium
743 1378 1084 1439 pertimescebat.
1117 1393 1268 1434 corpus
1299 1371 1429 1435 paene
1460 1381 1624 1423 iacebat
1654 1393 1739 1422 exa·
1766 1396 1803 1424 15

225 1450 335 1491 nime
374 1451 416 1491 et
446 1450 619 1491 anhelos
652 1452 767 1491 artus
798 1462 911 1492 mors
944 1450 1084 1492 uicina
1115 1452 1346 1505 quatiebat.
1387 1452 1471 1500 ubi,
1491 1455 1592 1494 tunc
1629 1454 1745 1494 erant

226 1520 379 1562 auxilia
415 1520 757 1574 propinquorum,
794 1520 869 1562 ubi
910 1521 1041 1562 uerba
1085 1522 1199 1563 omni
1241 1522 1427 1563 inaniora
1457 1522 1602 1564 fumo?
1639 1522 1745 1563 nihil

226 1590 305 1632 tibi
337 1591 473 1641 debet,
508 1604 529 1632 0
561 1591 726 1646 ingrata
764 1590 971 1646 cognatio,
1006 1604 1111 1645 quae
1147 1592 1303 1635 mundo
1341 1592 1467 1646 periit
1504 1594 1546 1634 et
1577 1591 1744 1634 Christo

226 1661 391 1704 reuixit.
424 1661 494 1715 qui
533 1661 797 1703 Christianus
835 1659 913 1712 est,
953 1662 1151 1717 gaudeat;
1192 1663 1264 1717 qui
1300 1663 1510 1715 irascitur,
1540 1675 1620 1705 non
1653 1676 1747 1705 esse

229 1744 272 1773 se
303 1732 461 1774 indicat
493 1722 789 1774 Christianum.
1770 1751 1806 1779 20

288 1804 327 1844 3.
368 1802 520 1853 Uidua,
560 1815 665 1855 quae
704 1802 844 1844 soluta
880 1806 946 1845 est
982 1804 1152 1847 uinculo
1197 1805 1392 1855 maritali,
1426 1805 1532 1847 nihil
1574 1817 1747 1847 necesse

228 1874 354 1915 habet
378 1874 459 1916 nisi
486 1886 766 1927 perseuerare.
795 1875 838 1914 at
863 1874 1120 1917 scandalizat
1144 1876 1384 1930 quempiam
1410 1876 1545 1918 uestis
1570 1876 1746 1918 fuscior:

349 2001 366 2035 1
396 2000 439 2034 cf.
467 1999 554 2035 Gen.
581 2001 639 2045 49,
665 2001 710 2034 27
820 2000 865 2036 cf.
890 2000 950 2035 Ps.
977 2000 1032 2042 67,
1060 2001 1104 2036 28
1215 2001 1259 2036 ef.
1285 2001 1364 2037 Act.
1392 2003 1425 2044 9,
1442 1987 1472 2036 '3
1499 2012 1577 2047 sqq.
1658 2003 1677 2036 7
1705 2001 1748 2037 cf.

230 2059 336 2094 Marc.
363 2061 395 2100 5,
421 2060 562 2094 40-42
590 2062 657 2094 etc.
749 2060 770 2094 8
797 2059 841 2094 cf.
868 2060 946 2094 loh.
966 2061 1029 2104 ρ11,
1057 2061 1101 2096 39
1190 2062 1211 2095 9
1238 2060 1280 2095 cf.
1306 2061 1385 2096 Ioh.
1414 2062 1468 2106 11,
1493 2062 1540 2096 44
1638 2062 1681 2096 10
1707 2061 1749 2096 cf.

230 2117 307 2153 Ioh.
337 2118 390 2162 11,
417 2118 474 2152 33.
499 2118 544 2153 38
667 2118 708 2153 11
736 2118 836 2152 *lou
864 2118 919 2160 11,
946 2118 990 2153 43
1106 2119 1152 2154 cf.
1177 2119 1254 2154 roh.
1282 2120 1337 2164 11,
1362 2120 1409 2154 44
1532 2120 1574 2154 12
1601 2120 1644 2156 cf.
1671 2120 1748 2156 Ioh.

234 2176 288 2219 12,
315 2178 335 2210 2
434 2176 476 2211 cf.
503 2177 580 2211 Ioh.
609 2177 664 2221 12,
695 2177 735 2212 10

282 2258 299 2292 1
327 2260 368 2292 ut
391 2258 516 2292 uideat
538 2270 565 2295 s.
595 2259 616 2294 l.
643 2261 705 2293 me
729 2260 765 2293 B
835 2260 859 2294 4
883 2260 933 2294 mi
959 2262 1083 2295 sancta
1106 2261 1151 2296 N
1241 2262 1419 2296 blisellam
1444 2262 1483 2297 D
1506 2262 1707 2297 blaesillam
1726 2273 1750 2307 g

234 2316 395 2351 uidemus
422 2317 531 2351 LDB
604 2318 624 2352 5
651 2318 812 2353 ardorem
837 2319 877 2354 D
903 2320 1034 2366 (corax),
1060 2320 1102 2354 N
1176 2321 1285 2356 ferme
1310 2332 1339 2356 s.
1365 2322 1387 2356 l.
1415 2323 1477 2355 m2
1502 2321 1537 2355 B
1609 2323 1750 2356 estuare

234 2375 268 2409 L
295 2377 475 2410 exestuare
501 2376 540 2410 D
655 2378 674 2411 7
702 2378 752 2422 et]
779 2388 807 2413 a.
837 2378 859 2412 l.
884 2377 934 2418 N,
961 2388 1028 2413 om.
1054 2377 1131 2413 1311
1245 2379 1346 2414 Iesus
1371 2390 1439 2414 om.
1464 2379 1504 2414 D
1598 2379 1620 2414 8
1645 2379 1748 2414 mini—

234 2434 373 2469 strabat
398 2434 441 2468 N
508 2436 527 2469 9
555 2435 682 2470 fasceis
710 2436 813 2471 Ham.
840 2437 945 2471 fascis
970 2437 1139 2473 Ba.c.m2
1162 2437 1320 2473 fascibus
1347 2438 1420 2473 LD
1527 2438 1688 2483 sepulcro
1713 2437 1753 2473 D

238 2492 280 2526 10
310 2492 495 2526 infremuit
520 2493 557 2527 D
694 2494 874 2529 clamabat
897 2495 942 2529 N
1082 2496 1123 2530 11
1157 2496 1302 2530 blexilla
1334 2496 1372 2531 D
1511 2497 1576 2542 exi]
1609 2496 1692 2531 ueni
1717 2497 1753 2530 B

236 2553 273 2585 et
297 2562 324 2585 s.
351 2551 373 2585 l.
399 2553 462 2585 m2
485 2552 521 2586 B
665 2563 807 2597 egressa
832 2556 886 2588 est
905 2553 948 2588 N
1065 2555 1107 2589 12
1140 2555 1312 2590 mirentur
1330 2555 1402 2590 LB
1545 2557 1700 2600 querunt
1715 2556 1759 2590 N

237 2608 281 2644 13
307 2610 518 2644 suscitatum
537 2610 582 2644 N
672 2612 739 2644 scit
765 2612 815 2656 se]
843 2613 951 2646 scisse
971 2609 1046 2647 LD
1120 2614 1164 2648 14
1190 2613 1260 2659 cui]
1288 2614 1348 2658 qui
1368 2613 1407 2647 N
1501 2612 1661 2648 reddidit
1681 2612 1759 2648 ΠΝ

238 2667 428 2710 amplexari
446 2678 471 2711 g
562 2669 605 2702 15
633 2673 905 2714 corpus—quat.
932 2681 998 2706 om.
1025 2671 1067 2706 N
1182 2671 1326 2706 iacebat
1350 2682 1440 2716 pene
1465 2671 1499 2705 L
1588 2672 1631 2706 17
1658 2672 1755 2706 omni

238 2736 304 2759 om.
331 2725 373 2759 N
420 2727 461 2777 13
488 2726 596 2761 debet
622 2727 815 2783 oldebeto
836 2728 869 2762 L
897 2729 1018 2764 debito
1038 2730 1078 2764 D
1151 2731 1308 2776 cognitio
1328 2731 1499 2766 Ba.c.m2
1525 2730 1698 2775 cogitatio
1716 2730 1756 2764 D

239 2785 392 2828 perierat
417 2785 455 2819 N
563 2790 600 2821 et
624 2797 692 2821 om.
717 2786 759 2821 N
853 2789 895 2822 19
923 2799 959 2822 se
986 2800 1062 2824 esse
1087 2789 1163 2824 DB
1259 2790 1300 2824 21
1330 2790 1473 2825 mortali
1497 2790 1542 2824 N
1631 2790 1676 2824 22
1703 2789 1754 2835 at]

240 2854 284 2876 an
310 2843 359 2886 N,
386 2855 451 2878 om.
480 2844 517 2879 D

1877 1432 1884 1593 ἑ

1873 1609 1884 1810 Ξ

1868 1818 1884 2016 ἔ
