1884 3254
233 237 320 278 334
772 232 923 266 Sancti
951 228 1204 274 Hieronymi

231 375 363 404 mum
391 359 711 403 adnuntiare
737 356 978 405 uerbum;
1002 354 1246 408 quoniam
1273 355 1448 396 autem
1467 355 1748 407 noluistis,

230 444 354 474 ecce
403 429 702 472 transimus
753 427 813 468 ad
863 427 1068 481 genteS,
1117 426 1218 466 tunc
1269 437 1391 467 omne
1441 428 1747 468 sacramentum

228 502 406 544 Iudaeae
439 502 481 541 et
512 498 726 551 antiquam
745 496 824 539 ·dei
855 495 1188 538 familiaritatem
1220 507 1293 549 per
1323 495 1539 549 apostolos
1570 488 1622 538 in'
1644 496 1749 539 nati-

229 584 329 614 ones
360 571 493 612 fuisse
523 569 782 610 translatam.
1719 568 1723 574 ²

289 642 326 682 5.
361 639 510 682 Ualida
548 638 717 693 quidem
757 636 947 691 quaestio
987 638 1030 679 et
1067 649 1174 691 quae
1211 636 1350 691 possit
1386 637 1512 678 etiam
1551 650 1638 688 eos,
1675 637 1748 692 qui

228 712 532 765 scripturarum
564 707 724 761 aliquid
762 707 1017 762 adtigerunt,
1050 709 1287 758 concutere,
1321 706 1395 749 sed
1430 707 1628 760 perfacile
1667 708 1749 750 sol-

228 782 354 823 uitur.
392 792 622 833 numquam
666 777 777 820 enim
822 777 939 820 fleret
982 790 1074 820 eam
1111 777 1307 820 dominus
1346 780 1629 828 conruentem,
1668 778 1747 822 nisi

228 852 437 907 diligerem
470 850 592 892 fleuit
624 850 666 891 et
690 849 905 898 Lazarum,
939 847 1038 902 quia
1067 847 1236 890 amabat
1264 847 1400 890 illum.
1426 850 1468 890 et
1498 848 1578 891 hoc
1606 850 1747 900 tamen

227 923 362 977 prima
391 922 526 964 fronte
559 919 817 975 cognoscito,
848 931 928 961 non
960 919 1057 970 loci,
1089 918 1164 961 sed
1193 918 1411 962 hominum
1441 918 1575 961 fuisse
1604 931 1749 974 pecca-

227 996 333 1043 tum,
371 1005 533 1042 uerum,
573 991 671 1044 quia
711 990 947 1032 interfectio
972 989 1139 1044 populi
1176 989 1402 1042 captiuitas
1445 989 1632 1032 ciuitatis
1670 992 1749 1041 est,

227 1065 446 1117 propterea
470 1061 615 1108 urbem
644 1061 838 1112 deletam,
866 1048 915 1102 ut
943 1060 1128 1115 populus
1159 1060 1392 1113 puniretur,
1417 1060 1511 1102 ideo
1542 1060 1750 1115 templum

229 1134 465 1183 subrutum,
503 1134 553 1174 ut
589 1131 755 1186 typicae
798 1130 962 1173 hostiae
1005 1130 1265 1173 tollerentur.
1304 1131 1506 1183 ceterum,
1545 1132 1748 1184 quantum

227 1204 278 1245 ad
307 1203 449 1245 locum
480 1202 675 1256 pertinet,
700 1215 774 1256 per
798 1202 1014 1256 profectus
1045 1203 1284 1255 temporum
1315 1201 1451 1243 multo
1476 1207 1587 1244 nunc
1618 1214 1747 1257 augu-

227 1275 332 1316 stior
363 1275 440 1324 est,
469 1285 594 1327 quam
621 1272 838 1314 ante-fuit.
863 1271 1169 1319 uenerabantur
1200 1272 1410 1326 quondam
1433 1271 1580 1314 Iudaei
1604 1274 1751 1315 sancta

227 1347 483 1393 sanctorum,
517 1343 615 1398 quia
645 1343 706 1386 ibi
737 1346 854 1386 erant
886 1343 1085 1386 cherubin
1119 1345 1160 1385 et
1196 1342 1538 1398 propitiatorium
1574 1345 1617 1386 et
1652 1355 1747 1386 arca

225 1414 471 1457 testamenti
502 1416 544 1456 et
573 1427 726 1456 manna
758 1416 801 1457 et
830 1414 952 1469 uirga
982 1413 1120 1455 Aaron
1152 1414 1195 1455 et
1226 1413 1356 1455 altare
1388 1425 1582 1455 aureum:
1613 1426 1748 1456 nonne

226 1485 305 1527 tibi
336 1485 620 1527 uenerabilius
652 1485 823 1527 uidetur
859 1484 1129 1539 sepulchrum
1169 1483 1354 1526 domini?
1386 1483 1498 1538 quod
1536 1483 1748 1538 quotiens-

227 1568 406 1610 cumque
436 1542 709 1610 ingre‘dimur,
734 1555 891 1598 totiens
909 1555 1056 1597 *iacere
1086 1555 1128 1596 in
1163 1554 1336 1597 sindone
1369 1554 1578 1597 cernimus
1611 1555 1747 1610 salua-

226 1628 359 1668 torem
410 1628 452 1668 et
501 1627 722 1680 paululum
771 1626 930 1668 ibidem
979 1626 1285 1669 commorantes
1334 1637 1503 1667 rursum
1554 1624 1747 1675 uidemus

227 1697 424 1752 angelum
457 1697 601 1739 sedere
633 1697 684 1739 ad
707 1696 837 1751 pedes
864 1697 954 1739 eius
987 1698 1030 1738 et
1060 1696 1112 1738 ad
1143 1698 1271 1749 caput
1301 1695 1520 1738 sudarium
1550 1695 1747 1739 conuolu-

226 1770 331 1810 tum.
365 1768 484 1810 cuius
507 1767 730 1822 sepulchri
763 1767 940 1823 gloriam
971 1767 1105 1809 multo
1138 1768 1246 1818 ante,
1275 1779 1401 1820 quam
1434 1766 1694 1808 excideretur
1724 1779 1748 1809 a

226 1838 393 1891 Ioseph,
445 1838 605 1880 scimus
655 1838 803 1880 Esaiae
852 1837 1053 1879 uaticinio
1109 1837 1402 1891 prophetatam
1454 1835 1650 1879 dicentis:
1697 1838 1748 1879 et

227 1908 332 1950 erit
362 1909 580 1962 requies
613 1909 730 1951 eius
762 1910 942 1960 honor,
974 1909 1086 1962 quod
1119 1907 1284 1950 scilicet
1314 1908 1557 1961 sepulturae
1588 1907 1746 1950 domini

225 1979 344 2021 locus
378 1981 490 2021 esset
522 1980 572 2021 ab
607 1980 802 2022 omnibus
833 1979 1113 2023 honorandus.

286 2051 324 2091 6.
356 2049 438 2092 Sed
470 2051 594 2093 dicis:
620 2051 845 2105 ‘quomodo
877 2051 919 2092 in
945 2049 1201 2105 Apocalypsi
1231 2049 1427 2091 Iohannis
1459 2048 1662 2103 legimus:
1696 2050 1748 2090 et

347 2202 365 2234 7
394 2200 438 2235 ef.
463 2200 593 2238 Matth.
618 2201 676 2246 23,
702 2201 843 2236 37-38
869 2202 937 2235 etc.
1011 2199 1033 2234 8
1059 2199 1104 2234 cf.
1129 2199 1208 2235 Ioh.
1236 2199 1291 2244 11,
1317 2199 1457 2234 35-36
1531 2199 1578 2234 20
1603 2199 1646 2234 cf.
1666 2199 1745 2235 Ioh.

225 2258 283 2302 20,
311 2258 354 2293 12
452 2260 496 2294 cf.
521 2260 598 2294 Ioh.
625 2260 681 2304 20,
709 2262 727 2294 7
802 2260 845 2294 21
875 2259 919 2294 ef.
945 2259 1076 2308 Matth.
1102 2259 1159 2300 27,
1185 2258 1231 2294 60
1257 2260 1323 2294 etc.
1398 2259 1444 2293 22
1471 2258 1590 2293 *Esai
1618 2258 1673 2303 11,
1702 2258 1745 2294 10

226 2317 272 2351 25
299 2316 431 2362 *Apoc.
460 2318 513 2359 11,
541 2319 632 2353 7—-8

276 2399 293 2432 1
323 2397 525 2434 adnuntiari
551 2401 586 2434 Β
699 2402 813 2446 uerb.]
841 2401 927 2436 add.
954 2401 1011 2436 dei
1036 2413 1060 2446 g
1169 2403 1242 2436 aut.
1269 2412 1336 2436 om.
1361 2401 1397 2435 Β
1506 2412 1587 2436 ecce
1612 2401 1684 2436 nol.
1709 2401 1746 2435 B

226 2456 248 2491 3
273 2456 380 2492 iudae
410 2457 443 2492 G
526 2459 548 2492 4
574 2460 787 2494 translatum
813 2460 856 2494 K
937 2462 957 2495 5
984 2464 1107 2506 posset
1130 2460 1167 2494 B
1251 2461 1271 2495 7
1298 2470 1376 2495 eam
1401 2460 1437 2494 fi.
1462 2459 1499 2493 Β
1570 2459 1592 2494 8
1618 2470 1698 2494 eum
1721 2470 1747 2504 ς

225 2515 248 2551 9
273 2515 361 2551 locis
390 2515 424 2551 G
497 2516 542 2552 10
568 2518 651 2562 eiu]
677 2520 900 2563 captiuitatis
919 2519 962 2554 K
1033 2519 1074 2554 11
1101 2519 1191 2564 urb.]
1219 2519 1306 2554 add.
1330 2519 1440 2554 fuisse
1469 2518 1503 2554 G
1575 2518 1628 2564 ut]
1654 2520 1693 2553 et
1709 2518 1746 2553 Β

228 2574 272 2610 12
295 2575 385 2621 typ.]
413 2577 514 2621 apice
539 2577 576 2610 B
648 2578 691 2612 13
718 2578 896 2623 profectos
921 2579 957 2613 B
987 2567 990 2570 ⁴
1030 2579 1266 2624 multo—est]
1292 2578 1485 2613 multorum
1513 2578 1691 2613 cautiores
1710 2577 1746 2612 Β

227 2635 414 2679 angustior
437 2634 481 2669 K
575 2636 618 2670 14
644 2647 748 2681 quarn
775 2639 871 2682 ante]
900 2640 1032 2682 quante
1056 2638 1093 2672 Β
1212 2637 1368 2683 quodam
1395 2637 1430 2673 G
1539 2637 1582 2672 15
1608 2639 1686 2672 erat
1708 2637 1746 2671 B

226 2693 407 2728 cherubim
431 2705 456 2739 g
598 2695 707 2730 archa
735 2696 768 2730 G
890 2697 932 2731 16
951 2708 1011 2742 pr.
1040 2700 1076 2732 et
1101 2708 1168 2732 om.
1194 2709 1218 2744 g
1345 2697 1387 2732 17
1415 2695 1522 2742 quod]
1549 2697 1587 2731 in
1612 2707 1682 2742 quo
1711 2695 1746 2731 G

229 2751 271 2786 19
297 2752 441 2796 paulum
467 2752 511 2787 K
603 2753 647 2788 22
675 2754 790 2789 eseiae
816 2754 859 2789 K
880 2755 990 2790 isaiae
1015 2767 1039 2800 g
1158 2754 1458 2802 proph(f)etatum
1488 2755 1522 2791 G
1546 2757 1677 2800 (tatum
1702 2765 1745 2790 ex
1812 2798 1817 2802 .
1864 2803 1865 2806 Ἰ

225 2812 299 2844 tam
324 2812 399 2853 m2)
428 2811 470 2846 K
538 2812 583 2847 23
608 2812 782 2848 honorum
808 2813 844 2847 B
916 2815 961 2848 25
987 2814 1083 2849 dices
1109 2815 1146 2849 Β

1773 1001 1809 1032 10

1772 1355 1808 1385 15

1771 1708 1808 1738 20

1770 2063 1806 2093 25
