1884 3254
51 1013 86 1043 10

49 1367 86 1396 15

623 234 833 280 Epistula
856 234 1024 270 XXXVII
1053 236 1143 271 1—2
1557 242 1640 283 287

117 363 230 418 quod
239 364 393 418 Aquila
403 364 722 418 chrysolithum,
731 365 1001 419 hyacinthum
1017 364 1294 419 Symmachus
1306 366 1643 421 interpretantur,

117 436 161 477 et
190 435 232 476 in
264 435 467 477 Psalmis:
498 435 683 490 spiritu
715 435 940 478 uiolento
975 439 1203 479 conteres
1234 449 1386 479 naues
1419 437 1639 481 Tharsis.

117 507 159 547 et
187 506 297 548 inter
319 506 495 559 lapides,
523 506 595 560 qui
621 506 662 548 in
695 509 887 548 ornatum
920 507 1150 550 sacerdotis
1181 507 1368 550 tribuum
1399 509 1640 552 nominibus

116 577 275 631 sculpti
316 579 429 626 sunt,
474 576 663 619 eiusdem
699 577 852 631 lapidis
890 590 1040 620 nomen
1078 578 1280 620 insertum
1321 581 1386 621 est
1423 581 1464 622 et
1505 580 1640 623 omnis

114 646 244 689 ferme
281 647 489 702 scriptura
526 647 604 690 hoc
642 647 794 690 referta
831 649 1041 691 uocabulo
1075 651 1152 691 est.
1189 649 1239 691 de
1271 648 1372 692 Ofaz
1404 663 1505 693 uero
1539 651 1640 705 quid
1677 648 1699 682 3

113 717 264 768 dicam,
292 730 388 760 cum
421 731 548 772 supra
580 718 718 761 dictu's
744 719 923 761 Danihel
947 720 1151 775 propheta
1175 720 1216 762 in
1242 721 1368 763 tertio
1395 733 1499 764 anno
1527 720 1639 776 Cyri,

111 788 224 843 regis
260 788 496 842 Persarum,
534 792 632 843 post
667 792 755 832 tres
793 790 1047 833 ebdomadas
1085 791 1233 833 ieiunii
1276 794 1402 846 atque
1438 792 1639 834 tristitiae

112 859 241 902 dicat:
274 860 431 902 extuli
465 862 638 903 oculos
670 874 803 903 meos
843 863 890 904 et
921 861 1041 913 uidi,
1075 864 1124 904 et
1155 874 1268 904 ecce
1300 863 1379 904 uir
1410 876 1538 905 unus
1573 863 1638 905 in-

112 930 263 972 dutus
308 931 507 974 baddim
553 934 602 974 et
644 945 788 975 renes
834 932 941 975 eius
987 933 1143 975 cincti
1187 946 1303 976 auro
1338 934 1485 976 Ofaz‘?
1518 935 1639 989 plura

110 1002 264 1056 quippe
290 1003 402 1056 apud
428 1003 643 1046 Hebraeos
670 1004 759 1045 auri
786 1007 884 1046 sunt
909 1017 1078 1060 genera;
1106 1004 1216 1047 unde
1243 1005 1294 1047 ob
1322 1005 1635 1048 distinctionem

26 1131 31 1138 θ
108 1085 218 1116 nunc
247 1072 348 1115 Ofaz
381 1074 567 1128 positum
601 1076 678 1126 est,
711 1088 762 1117 ne
796 1075 890 1129 quis
923 1076 1023 1118 zaab
1055 1077 1237 1130 put-aret,
1271 1076 1383 1130 quod
1412 1076 1454 1118 in
1484 1075 1638 1119 Genesi

109 1144 225 1187 nasci
256 1157 352 1187 cum
383 1145 522 1198 lapide
556 1145 809 1189 carbunculo
841 1146 1117 1200 praedicatur.

167 1217 206 1258 2.
240 1215 438 1266 Quaeras,
472 1216 509 1258 si
539 1216 695 1259 tharsis
726 1217 836 1271 lapis
869 1217 1155 1272 chrysolithus
1189 1218 1246 1260 sit
1271 1220 1344 1260 aut
1369 1218 1636 1273 hyacinthus,

107 1287 157 1328 ut
181 1285 338 1328 diuersi
364 1286 613 1339 interpretes
634 1288 796 1336 uolunt,
817 1287 869 1329 ad
889 1288 1010 1330 cuius
1031 1288 1354 1331 similitudinem
1381 1288 1448 1331 dei
1474 1289 1636 1342 species

110 1355 383 1405 describatur,
417 1369 543 1409 quare
574 1356 698 1398 Ionas
729 1358 934 1410 propheta
958 1358 1131 1400 Tharsis
1164 1358 1223 1400 ire
1255 1358 1366 1400 uelle
1399 1358 1564 1400 dicatur
1595 1360 1638 1400 et

110 1427 307 1471 Salomon
328 1429 370 1469 et
382 1427 582 1481 Iosaphat
599 1427 641 1469 in
656 1428 896 1483 Regnorum
916 1428 1037 1470 libris
1057 1442 1186 1471 naues
1207 1429 1444 1481 habuerint,
1461 1442 1566 1483 quae
1587 1430 1637 1471 de

108 1498 279 1540 Tharsis
299 1498 450 1541 solitae
465 1499 551 1540 sint
564 1498 723 1541 adferre
736 1500 808 1541 uel
822 1511 1009 1542 exercere
1024 1501 1286 1542 commercia.
1303 1500 1355 1541 ad
1369 1500 1480 1554 quod
1501 1500 1637 1542 facilis

107 1569 324 1624 responsio
358 1572 424 1612 est
455 1565 667 1625 ὁμώνυμον
701 1583 793 1613 esse
825 1571 1096 1622 uocabulum,
1130 1571 1242 1625 quod
1274 1574 1316 1613 et
1347 1571 1490 1613 Indiae
1521 1571 1636 1626 regio

227 1733 249 1767 2
274 1732 355 1767 *Ps.
380 1733 437 1777 47,
463 1732 484 1767 8
558 1732 579 1767 3
606 1731 650 1767 cf.
677 1732 740 1767 Ex.
766 1732 822 1773 28,
850 1732 906 1767 20.
933 1732 990 1777 39,
1018 1733 1061 1767 13
1146 1731 1167 1766 8
1194 1731 1306 1767 *Dan.
1337 1732 1391 1774 10,
1418 1734 1439 1767 5
1522 1734 1563 1768 11
1592 1733 1640 1768 εΐζ

110 1790 198 1827 Gen.
226 1792 259 1837 2,
285 1791 424 1826 11—12
549 1791 592 1826 15
618 1790 662 1826 cf.
688 1792 764 1826 lon.
794 1791 825 1834 1,
853 1792 874 1826 3
986 1791 1029 1826 16
1056 1790 1101 1827 cf.
1126 1791 1180 1826 III
1204 1792 1292 1837 Reg.
1321 1791 1379 1833 10,
1406 1792 1464 1827 22.
1490 1793 1527 1827 ΙΙ
1553 1792 1635 1828 Par.

108 1851 165 1895 20,
191 1851 331 1887 36—37

156 1945 173 1979 1
203 1947 293 1990 quot
311 1944 418 1990 Kmy.
491 1945 701 1990 crysolitum
720 1945 828 1991 Kmy.
857 1945 1056 1981 crisolitum
1075 1945 1112 1979 Β
1137 1945 1360 1980 chrisolitum
1386 1955 1427 1981 uc
1502 1944 1634 1990 Symm.

105 1999 246 2049 hyac.g
305 1993 504 2039 hiacintum
518 2003 624 2049 Kmq.
640 2004 835 2039 iacinctum
849 2005 927 2040 Bac
989 2004 1205 2039 simmachus
1218 2004 1371 2049 Kquxc
1397 2004 1636 2038 simmacusB

105 2062 390 2108 interpretantur
414 2063 521 2108 Kmq.
548 2063 808 2108 interpretatur
831 2064 978 2109 Bp.e.c1c
1064 2063 1085 2097 2
1111 2063 1250 2108 psalmo
1274 2074 1299 2108 g
1393 2063 1428 2097 in
1457 2062 1587 2107 spiritu
1612 2074 1636 2107 g

106 2124 292 2157 conterens
311 2122 539 2168 Km9.‚Ba.c.
611 2123 714 2157 nauis
733 2122 842 2169 Kmq.
914 2122 1023 2158 tarsis
1043 2122 1189 2167 Km9.B
1239 2124 1259 2158 3
1280 2124 1317 2157 et
1336 2133 1403 2158 om.
1424 2122 1455 2156 A
1532 2133 1635 2156 orna-

105 2183 264 2216 mentum
286 2181 317 2216 A
345 2186 474 2216 ornatu
494 2182 572 2218 Bac
646 2181 874 2217 sacerdotum
898 2181 945 2224 Qe
995 2182 1018 2216 4
1037 2182 1182 2228 sculpti]
1208 2181 1333 2228 scripti
1352 2182 1388 2216 Β
1460 2181 1580 2227 lapide
1606 2180 1637 2223 Q

106 2239 174 2275 ins.
200 2242 270 2286 est]
298 2242 468 2276 inseritur
491 2241 570 2276 Bac
645 2243 666 2277 5
692 2241 766 2276 fere
791 2253 816 2286 g
911 2252 989 2276 uoc.
1014 2241 1080 2277 ref.
1104 2253 1130 2286 ς
1226 2242 1338 2286 ophaz
1358 2241 1395 2275 B
1459 2242 1488 2275 -6
1516 2240 1636 2275 daniel

112 2299 220 2342 QBac
331 2301 395 2335 ciri
426 2300 492 2342 ΩΒ
577 2301 597 2336 7
624 2301 736 2336 ieiuni
761 2301 797 2335 Β
895 2301 1033 2347 adquae
1059 2300 1232 2336 Ka.c.m2
1316 2300 1338 2335 8
1363 2299 1453 2345 ind.]
1478 2299 1634 2334 uestitus

104 2359 183 2395 Bac
270 2361 291 2394 9
318 2359 426 2395 badin
454 2371 470 2396 e
496 2360 560 2396 bat
587 2360 623 2395 di
648 2361 684 2395 B
710 2359 856 2396 baddim
883 2371 924 2397 uc
1022 2360 1135 2406 ophat
1158 2361 1195 2396 Β
1221 2360 1334 2406 ophaz
1359 2371 1384 2405 ς
1469 2359 1513 2394 10
1539 2359 1634 2405 apud

105 2429 150 2453 επ
175 2417 222 2453 ad
245 2418 290 2453 K
369 2418 413 2454 ob
440 2429 508 2454 om.
535 2419 566 2453 A
624 2419 666 2454 11
695 2419 808 2466 ophaz
834 2420 866 2454 A
895 2419 1006 2465 ophat
1030 2420 1067 2454 B
1141 2421 1196 2455 est
1219 2429 1248 2455 s.
1276 2419 1298 2454 l.
1325 2421 1388 2454 m2
1412 2419 1448 2453 Β
1521 2417 1633 2453 zahab

104 2476 149 2511 K
170 2489 256 2523 zaap
284 2487 306 2513 α
333 2477 446 2513 zabad
472 2478 503 2512 A
604 2478 647 2514 13
674 2479 815 2524 quaeris
839 2490 864 2523 g
977 2479 1084 2514 tarsis
1111 2478 1187 2514 KB
1308 2478 1512 2513 chrisolitus
1539 2478 1632 2513 Aacc

106 2536 287 2571 crisolitus
314 2541 378 2572 cet.
499 2537 550 2572 sit
575 2538 651 2583 aut]
678 2538 710 2572 it
735 2539 799 2572 aut
823 2538 867 2572 K
888 2538 942 2573 ita
966 2540 1007 2573 ut
1032 2538 1063 2573 A
1090 2539 1144 2574 ita
1169 2539 1223 2573 uti
1255 2538 1286 2580 Q
1411 2538 1572 2573 acinctus
1605 2536 1636 2577 Q

103 2594 259 2630 iacintus
284 2595 328 2630 K
348 2596 524 2631 iacinctus
551 2599 612 2631 cet.
687 2596 731 2630 14
758 2596 858 2631 cuius
883 2597 1013 2632 coloris
1037 2597 1116 2633 Bac
1198 2597 1242 2632 15
1268 2597 1444 2632 scribatur
1468 2596 1505 2630 B
1531 2606 1631 2639 prae-

105 2652 246 2689 dicatur
271 2665 311 2690 ac
419 2656 527 2690 tarsis
552 2655 630 2691 KB
740 2656 782 2691 16
808 2656 971 2691 solomon
995 2656 1038 2691 K
1142 2657 1335 2702 iosaphath
1362 2666 1383 2691 α
1410 2655 1567 2690 iosafath
1594 2654 1634 2688 K

23 2744 27 2748 s
103 2712 310 2748 habuerunt
333 2714 364 2748 A
391 2714 529 2749 habuei·
554 2715 589 2749 B
651 2716 692 2751 17
719 2715 826 2750 tarsis
851 2714 927 2750 KB
1024 2716 1211 2760 ad(f)ferre
1237 2716 1295 2750 uel
1314 2715 1455 2759 KQAc,
1481 2725 1548 2750 om.
1569 2717 1632 2749 cet.

107 2772 150 2806 18
176 2774 232 2807 est
255 2784 348 2819 resp.
373 2785 397 2818 g
457 2804 460 2807 ,
494 2772 675 2820 ὁμώνυμον
700 2774 806 2810 uarie
830 2775 995 2810 scribunt
1021 2775 1062 2822 (s.
1092 2776 1114 2810 l.
1142 2775 1228 2810 add.
1257 2775 1290 2809 ·i·
1317 2773 1571 2820 plurinomium
1598 2777 1630 2818 e)

105 2831 208 2866 codd.
