1940 3260
658 312 867 359 Epistula
892 312 1007 348 Lxlx
1030 312 1148 349 9—10
1577 315 1662 357 699

136 443 291 496 puncto
330 443 455 485 horae
491 442 672 485 necdum
710 442 908 497 discipuli
944 443 1029 485 iam
1065 443 1259 499 magistri
1291 445 1402 485 sunt.
1444 445 1661 498 oportet
1699 440 1719 473 7

135 515 313 555 autem
352 526 466 556 eum
505 515 556 556 et
593 513 971 556 testimonium
1011 514 1206 556 habere
1246 514 1437 556 bonum
1470 514 1529 556 ab
1562 513 1660 564 his,

136 583 223 637 qui
267 585 404 627 foris
450 586 594 626 sunt:
639 584 761 639 quale
801 584 1069 639 principium,
1114 584 1212 627 talis
1257 585 1299 626 et
1342 584 1546 627 clausula.
1591 584 1662 639 qui

133 654 520 709 inreprehensibilis
565 657 642 706 est,
685 668 766 698 non
805 655 942 697 solum
982 668 1004 697 a
1043 654 1301 708 domesticis,
1346 668 1494 697 uerum
1532 657 1573 697 et
1610 655 1662 696 ab

0 718 23 791 ’μ’
92 742 113 769 5
137 724 283 768 alienis
328 738 510 768 consono
555 738 624 768 ore
661 725 869 768 laudatur.
913 725 1036 767 alieni
1074 727 1116 768 et
1155 727 1268 768 extra
1305 725 1526 768 ecclesiam
1565 730 1663 767 sunt

73 1806 112 1834 20

133 795 292 845 ludaei,
325 795 503 840 heretici
533 798 659 850 atque
691 796 888 851 gentiles.
920 796 1020 838 talis
1054 808 1153 852 ergo
1185 796 1243 839 sit
1272 796 1459 850 pontifex
1491 795 1663 846 Christi,

134 870 195 917 ut,
236 866 307 921 qui
337 865 532 922 religioni
564 866 803 916 detrahunt,
841 866 954 909 uitae
986 867 1077 909 eius
1109 867 1327 909 detrahere
1357 879 1437 908 non
1470 866 1663 909 audeant.

134 940 179 979 at
214 950 325 980 nunc
356 937 579 992 plerosque
612 937 821 980 cernimus
854 937 923 980 uel
954 936 1140 980 fauorem
1172 937 1320 992 populi
1350 937 1392 979 in
1425 937 1664 992 aurigarum

134 1007 307 1050 modum
358 1008 493 1063 pretio
542 1008 748 1051 redimere
797 1008 868 1051 uel
911 1010 1028 1051 tanto
1075 1009 1262 1050 omnium
1305 1007 1524 1051 hominum
1569 1006 1662 1050 odio

135 1079 294 1131 uiuere,
342 1081 393 1122 ut
440 1091 522 1122 non
573 1080 846 1134 extorqueant
893 1079 1086 1133 pecunia,
1137 1077 1248 1133 quod
1291 1077 1410 1120 mimi
1451 1079 1664 1132 inpetrant

135 1149 344 1206 gestibus.
506 1199 511 1203 .

196 1221 263 1264 10.
293 1221 423 1273 Haec,
456 1220 518 1263 fili
550 1219 727 1272 Oceane,
761 1220 945 1263 sollicito
977 1219 1129 1262 timore
1162 1219 1413 1275 perquirere,
1444 1220 1547 1262 haec
1578 1231 1662 1261 ma-

135 1292 200 1348 gis
227 1292 429 1335 ecclesiae
456 1291 669 1335 custodire
695 1291 919 1344 debebunt,
949 1290 1027 1334 hos
1059 1290 1101 1333 in
1133 1290 1423 1334 sacerdotibus
1456 1289 1660 1345 eligendis

134 1373 312 1404 canones
357 1362 594 1414 obseruare,
637 1373 719 1404 non
762 1361 931 1416 propria
973 1360 1069 1403 odia
1111 1363 1154 1403 et
1196 1360 1382 1416 priuatas
1421 1355 1661 1402 simultates

136 1434 461 1487 carpentemque
498 1444 662 1486 semper
694 1433 908 1474 auctorem
941 1444 1067 1474 suum
1097 1430 1302 1476 inuidiam
1333 1431 1472 1485 legem
1505 1429 1662 1473 Christi

133 1502 409 1558 interpretari.
428 1502 537 1555 uide,
557 1504 762 1557 quantum
779 1501 1074 1545 testimonium
1094 1501 1151 1546 sit
1168 1501 1311 1553 huius,
1332 1514 1456 1556 quem
1470 1504 1662 1557 arguunt,

135 1573 336 1625 bimariti‚
361 1573 430 1617 cui
455 1576 619 1629 praeter
642 1573 860 1616 uinculum
887 1572 1108 1629 coniugale
1132 1598 1190 1604 —
1216 1574 1260 1615 et
1282 1572 1363 1614 hoc
1389 1574 1484 1614 ante
1503 1571 1662 1626 baptis·
1733 1575 1736 1579 ’

135 1658 254 1687 mum
267 1669 324 1675 —
338 1644 444 1687 nihil
457 1643 572 1687 aliud
586 1644 636 1686 ab
653 1644 830 1687 aemulis
845 1643 956 1686 obici
974 1645 1131 1698 potest.
1152 1642 1243 1698 qui
1261 1655 1418 1698 praec
1431 1642 1544 1697 epit
1562 1656 1588 1684 n
1601 1655 1622 1684 o
1635 1656 1659 1684 n

136 1714 531 1766 moechandum,
563 1716 679 1770 ipse
713 1715 860 1757 dixit·
882 1717 956 1757 et:
989 1727 1087 1757 non
1116 1714 1345 1757 occides.
1378 1714 1523 1756 sinon
1548 1726 1660 1755 moe-

138 1777 312 1829 chamur
343 1788 385 1829 et
410 1785 658 1835 occidimus,
684 1788 1018 1841 transgressores
1043 1784 1152 1840 legis
1178 1797 1340 1827 sumus.
1374 1783 1462 1838 qui
1494 1785 1661 1826 totam

136 1857 308 1913 legem
330 1857 718 1900 obseruauerit
741 1859 791 1899 et
810 1855 1113 1899 offenderit
1131 1856 1181 1898 in
1202 1868 1317 1906 uno,
1339 1855 1409 1897 fit
1429 1853 1660 1897 omnium

136 1941 272 1970 reus.
305 1927 462 1982 itaque,
495 1940 591 1970 cum
624 1927 896 1982 obposuerint
927 1926 1048 1970 nobis
1073 1939 1243 1970 uxorem
1269 1928 1363 1968 ante
1388 1925 1662 1980 baptismum,

258 2057 275 2092 1
304 2056 345 2091 *Ι
370 2056 460 2091 Tim.
487 2057 519 2101 3,
547 2057 567 2092 7
643 2056 686 2091 18
705 2055 797 2091 *Iac
817 2056 850 2100 2,
874 2055 915 2090 ll
993 2055 1036 2090 19
1057 2053 1100 2090 cf.
1119 2053 1191 2090 Iac.
1211 2054 1245 2098 2,
1269 2054 1310 2088 11
1387 2053 1432 2088 20
1452 2052 1542 2088 Ἴης.
1562 2052 1595 2093 2,
1619 2051 1662 2086 10

185 2141 205 2174 2
233 2143 270 2175 et
294 2141 379 2175 test.
406 2150 486 2175 eum
511 2139 580 2174 LE
697 2150 776 2173 eum
804 2148 871 2174 om.
897 2138 934 2172 B
1035 2137 1057 2172 3
1083 2136 1206 2172 casula
1230 2136 1332 2171 Ba.c.
1427 2138 1450 2170 4
1478 2135 1512 2180 a]
1541 2134 1586 2169 ad
1616 2133 1667 2170 W

137 2210 262 2234 uerum
292 2198 341 2234 W
363 2198 427 2234 sed
452 2203 514 2234 cet.
613 2200 650 2233 et
674 2208 744 2233 om.
769 2197 805 2232 B
875 2196 896 2231 5
923 2197 1010 2232 hore
1031 2196 1126 2231 Σα.ν·.
1136 2195 1219 2231 WB
1316 2197 1353 2230 et
1376 2205 1404 2230 s.
1432 2194 1455 2229 l.
1477 2194 1516 2238 Σ,
1542 2203 1608 2228 om.
1629 2193 1664 2227 L

137 2258 291 2294 ecclesia
322 2257 371 2293 W
422 2258 441 2292 7
469 2257 645 2303 religione
675 2256 727 2292 W
747 2258 806 2299 (ex
830 2256 955 2302 releg.)
982 2256 1021 2291 D
1075 2254 1096 2290 8
1122 2254 1247 2290 fauore
1272 2254 1309 2289 in
1339 2253 1391 2288 W
1435 2253 1457 2288 9
1481 2263 1614 2287 morem
1640 2263 1664 2296 ς

139 2317 184 2352 10
210 2318 421 2362 extorqueat
444 2316 496 2351 W
562 2316 678 2361 mimi]
704 2327 774 2361 seq.
799 2326 874 2351 ras.
901 2317 926 2351 2
951 2315 1022 2350 litt.
1043 2314 1079 2349 B
1102 2313 1242 2349 minimi
1261 2312 1493 2357 L,Wa.c.m2
1517 2311 1663 2347 minime

143 2376 324 2421 IVpcmZ
385 2376 425 2411 11
454 2375 625 2421 gentibus
651 2376 684 2411 Σ
745 2375 788 2410 12
812 2374 958 2420 timore]
985 2373 1072 2409 add.
1098 2384 1167 2408 non
1193 2372 1338 2418 propria
1355 2370 1465 2407 hodia
1491 2370 1594 2415 (del.)
1620 2369 1669 2404 W

137 2435 269 2481 magis]
295 2435 461 2481 magistri
478 2435 608 2480 Bp.c.g
656 2434 700 2470 13
720 2434 905 2470 debebunt
928 2433 980 2469 W
1001 2433 1158 2468 debeant
1176 2435 1239 2468 cet.
1312 2431 1378 2467 has
1397 2431 1436 2466 D
1487 2430 1531 2466 14
1557 2440 1662 2465 cano-

137 2495 218 2530 nice
243 2505 287 2530 eoe
312 2505 472 2530 canonae
497 2493 596 2529 m2L
757 2493 902 2540 propria
931 2492 983 2528 W
1002 2492 1103 2527 iuxta
1126 2491 1270 2538 propria
1294 2494 1356 2526 cet.
1385 2489 1446 2534 (cf.
1471 2499 1587 2534 supra
1613 2488 1665 2522 ad

137 2554 162 2588 l.
188 2555 248 2597 12)
333 2552 443 2588 hodia
472 2552 525 2589 W
593 2553 636 2588 15
663 2553 851 2598 carpentes
877 2553 908 2595 (s
933 2552 974 2586 in
998 2560 1074 2586 ras.
1102 2553 1125 2586 4
1151 2550 1236 2593 litt.)
1264 2549 1295 2585 Σ
1381 2559 1485 2583 suum
1510 2558 1538 2582 ε.
1565 2547 1590 2582 l.
1615 2546 1662 2590 B,

136 2623 206 2649 om.
233 2612 393 2648 Lvsuam
423 2612 468 2648 W
542 2611 681 2647 inuidia
706 2611 792 2646 ZW
843 2610 887 2646 16
912 2612 997 2646 test.
1023 2610 1071 2645 sit
1101 2608 1154 2645 W
1174 2609 1223 2644 sit
1247 2610 1331 2644 test.
1357 2611 1420 2643 cet.
1481 2607 1523 2642 17
1550 2605 1662 2641 bima-

138 2672 201 2706 riti
238 2671 465 2716 W‚Bp.c.m2
494 2670 614 2706 mariti
647 2674 709 2705 eet.
854 2667 1080 2714 coniugalem
1113 2667 1188 2702 LD
1334 2665 1377 2701 18
1409 2664 1586 2711 praecipit
1616 2662 1668 2698 W

141 2731 185 2766 19
211 2730 325 2767 mech.
350 2730 389 2765 D
414 2729 551 2765 macch.
577 2729 612 2764 L
635 2738 724 2764 mec.
750 2729 786 2763 B
810 2727 948 2763 moehc.
975 2738 1018 2763 ex
1042 2726 1154 2762 mehe.
1183 2725 1215 2761 Σ
1357 2723 1586 2760 moechamur
1617 2722 1669 2757 W

138 2789 397 2826 mecauerimur
421 2789 512 2834 (ueri
538 2791 630 2834 exp.)
657 2788 693 2823 B
717 2790 868 2833 me(moe
883 2788 1070 2832 Zammac
1083 2784 1359 2829 L)chauerimus
1383 2781 1488 2818 1221)
1554 2781 1600 2817 20
1627 2785 1664 2816 ct

145 2848 197 2884 W
212 2848 275 2884 sed
295 2852 356 2885 cet.
443 2847 647 2883 occidamus
672 2846 854 2883 Wa.c.m2
937 2855 1059 2880 sumus
1078 2844 1170 2890 legis
1190 2843 1229 2879 D
1276 2842 1318 2878 21
1341 2841 1541 2877 seruauerit
1561 2839 1664 2875 LZJ)

136 2908 184 2943 22
211 2906 420 2953 obposuerit
450 2906 562 2941 Wa.c.
