1884 3254
631 254 838 299 Epistula
862 253 967 288 XXII
992 255 1133 289 21—23
1560 259 1646 300 175

114 383 283 426 tulliani
314 381 366 424 ad
392 375 575 423 amicum
599 380 902 435 philosophum
930 383 972 423 et
998 381 1048 423 de
1073 381 1318 437 uirginitate
1346 383 1451 426 alios
1478 383 1650 426 libellos

9 437 39 454 ’
115 456 158 498 et
194 453 306 496 beati
340 451 534 507 Cypriani
571 451 770 494 uolumen
809 453 1028 507 egregium
1068 455 1111 494 et
1147 466 1280 508 papae
1312 453 1487 496 Damasi
1525 467 1651 508 super

10 525 36 542 ⁸
114 525 192 568 hac
234 537 278 567 re
322 536 448 566 uersu
490 535 699 577 prosaque
743 523 962 577 conposita
1012 526 1054 566 et
1094 523 1311 567 Ambrosii
1360 525 1494 567 nostri
1543 538 1650 580 quae

34 602 41 607 ‘
114 608 246 650 nuper
282 594 334 636 ad
374 606 558 636 sororem
600 594 771 647 scripsit
803 594 1020 648 opuscula.
1051 595 1094 637 in
1128 595 1282 649 quibus
1315 597 1431 639 tanto
1464 609 1509 638 se
1540 596 1650 638 fudit

43 702 47 718 ‚
73 679 91 708 5
116 666 297 720 eloquio,
324 668 386 715 ut,
423 665 630 719 quidquid
655 665 706 706 ad
732 665 902 708 laudem
927 666 1140 722 uirginum
1167 667 1364 722 pertinet,
1392 667 1647 721 exquisierit,

31 743 34 746 ’
116 737 330 787 ordinarit,
365 736 627 791 expresserit.

174 809 244 850 23.
280 807 412 850 Nobis
447 807 614 850 diuerso
653 808 822 850 tramite
854 807 1080 850 inceditur:
1114 807 1407 862 uirginitatem
1443 820 1525 849 non
1553 807 1647 850 effe-

113 879 260 928 rimus,
293 878 368 921 sed
401 890 632 920 seruamus.
664 891 740 920 nec
774 878 932 921 sufficit
964 879 1084 929 scire,
1119 878 1231 933 quod
1261 879 1418 921 bonum
1452 881 1530 929 est,
1563 879 1646 922 nisi

115 950 380 993 custodiatur
411 949 638 1001 adtentius,
671 950 784 1004 quod
816 951 1000 992 electum
1032 951 1110 1002 est,
1142 949 1373 1004 quiaillud
1397 949 1545 992 iudicii
1570 951 1647 1003 est,

6 1077 7 1081 Ἰ
30 1033 92 1079 f10
116 1021 196 1064 hoc
221 1021 392 1071 laboris,
427 1022 470 1062 et
499 1020 607 1062 illud
639 1033 860 1063 commune
893 1033 989 1062 cum
1020 1021 1228 1075 pluribus,
1256 1020 1336 1063 hoc
1362 1033 1458 1063 cum
1484 1020 1646 1074 paucis.

11 1084 16 1086 ’
117 1092 206 1147 qui
226 1090 686 1146 perseuerauerit,
707 1091 859 1145 inquit,
881 1104 1049 1146 usque
1070 1091 1132 1133 ad
1151 1091 1327 1143 finem,
1347 1090 1434 1134 hic
1454 1091 1644 1134 saluus

117 1163 223 1206 erit
254 1165 314 1205 et:
347 1161 506 1204 multi
538 1162 738 1214 uocati,
770 1162 936 1215 pauci
969 1164 1147 1204 autem
1186 1162 1367 1204 electi.
1399 1162 1542 1216 itaque
1569 1161 1643 1204 ob-

115 1236 251 1276 testor
280 1235 322 1275 te
355 1245 494 1275 coram
528 1232 604 1275 deo
638 1235 680 1275 et
707 1233 874 1276 Christo
901 1234 999 1276 Iesu
1027 1236 1069 1276 et
1094 1233 1240 1276 electis
1268 1233 1428 1289 angelis
1461 1233 1568 1284 eius,
1594 1245 1646 1275 ne

4 1315 49 1351 ’ζ
116 1318 223 1347 uasa
258 1304 420 1358 templi,
457 1317 564 1358 quae
602 1304 705 1347 solis
750 1304 1041 1347 sacerdotibus
1064 1304 1228 1346 uidere
1273 1317 1522 1347 concessum
1566 1305 1644 1354 est,

11 1382 92 1417 ’15
115 1376 240 1418 facile
277 1375 320 1418 in
357 1375 576 1429 publicum
612 1376 813 1429 proferas,
845 1388 895 1417 ne
933 1376 1163 1418 sacrarium
1201 1375 1268 1417 dei
1300 1375 1522 1428 quisquam
1551 1387 1646 1429 pro-

26 1454 30 1455 ’
115 1447 236 1490 fanus
269 1446 478 1501 inspiciat.
511 1445 635 1488 Ozias
668 1459 820 1496 arcam,
855 1459 981 1500 quam
1011 1458 1093 1488 non
1124 1446 1291 1497 licebat,
1323 1445 1544 1500 adtingens
1578 1458 1646 1487 su—

116 1517 205 1559 bita
240 1519 375 1559 morte
414 1518 648 1571 prostratus
689 1518 765 1560 est.
796 1529 932 1571 neque
970 1516 1081 1559 enim
1114 1529 1285 1558 aureum
1318 1526 1394 1558 uas
1427 1517 1471 1557 et
1501 1528 1645 1569 argen-

114 1591 231 1630 teum
263 1595 350 1630 tam
383 1600 525 1630 carum
558 1587 635 1630 deo
667 1588 763 1640 fuit,
797 1601 921 1642 quam
953 1587 1162 1642 templum
1195 1587 1380 1642 corporis
1413 1586 1645 1641 uirginalis.

235 1772 275 1807 11
304 1772 455 1806 *Marta
485 1772 540 1814 10,
566 1772 622 1806 22.
649 1772 707 1814 24,
734 1771 778 1807 13
850 1772 892 1806 12
919 1771 1073 1807 *Mati-,n
1099 1771 1156 1817 20,
1185 1772 1240 1807 16.
1266 1771 1324 1817 22,
1353 1772 1397 1806 14
1467 1771 1510 1807 16
1537 1771 1581 1807 of.
1606 1771 1644 1807 11

113 1831 202 1876 Reg.
228 1831 262 1874 6,
289 1830 393 1865 6—8.
423 1830 439 1865 1
462 1830 543 1864 Par.
573 1830 629 1875 13,
656 1830 773 1865 9-11

163 1959 179 1994 1
208 1961 364 1994 amatum
390 1959 562 1994 Ba.c.m2
659 1959 709 2004 et]
738 1959 917 1994 scribente
944 1959 967 1994 k
1015 1959 1036 1994 3
1063 1969 1187 1993 uersus
1213 1958 1253 1993 D
1278 1970 1420 1994 uersum
1445 1959 1486 1994 H
1559 1971 1643 1995 con-

111 2019 271 2064 positum
295 2017 340 2053 K
439 2018 595 2053 ambrosi
620 2017 665 2052 K
763 2019 826 2063 qui
850 2018 882 2053 Σ
974 2018 998 2052 4
1024 2017 1070 2052 ad
1096 2028 1236 2052 sorores
1263 2018 1409 2064 scripsit
1433 2018 1477 2052 H
1500 2018 1644 2064 scripsit

115 2077 256 2121 (scribit
278 2077 330 2120 D)
359 2077 405 2112 ad
430 2088 586 2112 sororem
615 2077 720 2112 ΣΒΒ
858 2078 1000 2112 tantum
1027 2077 1081 2111 ΣΙῡ
1103 2078 1228 2111 tantos
1257 2077 1289 2111 Φ
1427 2088 1465 2112 se
1491 2087 1558 2112 om.
1588 2077 1643 2112 4⁵7„-

110 2135 240 2171 effudit
266 2136 408 2171 ΣΒΦΒ
456 2136 477 2171 5
504 2136 641 2181 eloquii
666 2136 786 2181 (corr.)
814 2136 846 2171 Σ
869 2136 1052 2181 eloquium
1078 2135 1124 2170 H
1144 2134 1278 2181 (corn),
1298 2135 1320 2170 k
1391 2135 1518 2171 laudes
1538 2136 1643 2171 ΣΒΒ

112 2195 351 2240 exquaesierit
368 2195 506 2239 KHA'
527 2197 650 2240 (corr.)
705 2196 726 2231 6
754 2195 938 2230 ordenarit
962 2194 1163 2239 (ordinaret
1185 2195 1230 2238 Φ)
1259 2194 1473 2240 expresserit
1497 2195 1643 2241 Kmy.d⁵

110 2254 297 2289 ordinaret
319 2254 366 2289 H
392 2266 485 2300 expr.
519 2253 595 2290 ord.
628 2254 756 2299 (-uerit
786 2256 849 2289 ‘m2
875 2254 921 2298 Σ)
949 2254 1017 2289 ΣΙ)
1042 2253 1223 2289 inuenerit
1250 2253 1363 2288 ordin.
1391 2254 1518 2299 (-uerit
1543 2256 1580 2289 et
1604 2254 1640 2295 k)

114 2324 207 2358 expr.
234 2313 299 2348 kil'
322 2313 503 2348 inuenerit
528 2324 624 2359 expr.
651 2312 725 2348 ord.
753 2314 788 2348 Β
910 2314 929 2348 7
957 2324 978 2348 a
1003 2313 1107 2348 nobis
1138 2312 1210 2348 ΨΒ
1353 2313 1536 2348 tramitem
1561 2312 1646 2347 KH

111 2372 290 2407 inceditur
312 2372 457 2416 ‹pk11‘,13
481 2375 540 2418 (ex
556 2372 694 2408 incedit
711 2375 787 2416 m2)
815 2372 947 2408 ciditur
966 2372 1140 2408 Ka.c.m2
1163 2371 1294 2407 incidit
1312 2372 1358 2407 H
1378 2371 1555 2407 incederit
1573 2372 1641 2407 ΣΙ)

110 2431 351 2466 incedendum
375 2442 399 2476 g
494 2443 567 2468 non
591 2434 734 2467 tantum
761 2432 829 2467 ΣΒ
926 2431 1105 2466 offerimus
1131 2431 1163 2466 Σ
1185 2431 1380 2466 auferimus
1411 2431 1448 2466 Ψ
1500 2432 1521 2466 9
1548 2431 1640 2466 elec-

34 2534 37 2535 7
112 2492 189 2524 turn
221 2501 264 2525 ex
290 2489 359 2525 del.
391 2491 451 2525 uel
482 2490 543 2525 dil.
574 2492 638 2526 m2
662 2491 698 2525 B
730 2490 865 2526 lectum
891 2490 935 2525 H
1090 2490 1188 2535 quia]
1217 2500 1261 2525 ex
1287 2490 1347 2534 qui
1374 2490 1406 2525 Σ
1429 2490 1512 2535 quia
1540 2491 1576 2524 et
1601 2489 1645 2523 H

112 2549 157 2584 10
175 2560 360 2584 commune
381 2552 437 2583 est
454 2551 486 2583 Φ
538 2550 578 2585 11
602 2551 722 2595 inquit
739 2561 806 2585 om.
835 2549 904 2585 ΨΒ
977 2549 1022 2585 ad
1042 2549 1164 2584 KD¹I¹
1180 2549 1217 2583 in
1237 2553 1299 2584 cet.
1351 2549 1395 2583 12
1415 2551 1452 2584 at
1472 2549 1591 2583 uocati
1604 2549 1640 2582 Β

107 2608 244 2652 autem]
272 2619 355 2643 uero
381 2608 459 2643 ΗΒ
532 2609 693 2644 obtester
718 2609 753 2643 B
811 2609 853 2644 13
879 2608 1023 2643 domino
1050 2608 1140 2649 KP,
1167 2619 1235 2643 om.
1260 2608 1297 2642 Β
1363 2619 1423 2653 pr.
1451 2609 1487 2642 et
1513 2618 1578 2642 om.
1604 2607 1639 2640 Β

22 2662 33 2695 ἶ
107 2666 204 2711 eius]
229 2677 258 2701 8.
284 2667 307 2703 l.
337 2667 376 2710 Σ,
403 2667 489 2704 add.
516 2669 558 2702 ut
583 2668 766 2703 custodias
793 2679 885 2713 quae
913 2668 1066 2713 coepisti
1091 2667 1113 2702 k
1218 2667 1262 2702 14
1287 2667 1413 2712 templi
1441 2666 1574 2700 domini
1606 2665 1642 2699 ¹1¹

115 2726 157 2760 15
183 2726 397 2761 sacrificium
421 2717 458 2761 Β
542 2727 622 2773 quis
648 2727 692 2762 H
764 2728 806 2763 16
834 2727 990 2773 aspiciat
1014 2727 1053 2762 D
1138 2738 1201 2762 oza
1224 2738 1248 2771 g
1334 2738 1401 2761 arc.
1427 2724 1639 2760 testamenti

28 2791 33 2793 ’
108 2783 247 2818 domini
272 2784 294 2819 k
389 2785 525 2820 licebat
549 2788 698 2831 tangere
722 2797 747 2831 g
843 2785 1070 2830 adstringens
1097 2785 1164 2820 ΣΒ
1263 2785 1303 2819 17
1331 2784 1505 2818 multatus
1531 2783 1636 2827 (corr.

108 2844 256 2887 m2my.)
284 2842 306 2877 k
404 2845 459 2878 est
483 2854 550 2879 om.
577 2843 613 2878 B
711 2845 804 2879 enim
831 2855 899 2880 om.
925 2844 960 2877 B
1058 2855 1120 2879 uas
1149 2854 1222 2878 aur.
1247 2854 1271 2887 ς
1370 2843 1412 2877 18
1439 2842 1571 2876 clarum
1596 2841 1641 2876 H
