<?xml version="1.0" encoding="UTF-8"?>
<!DOCTYPE html PUBLIC "-//W3C//DTD XHTML 1.0 Transitional//EN"
    "http://www.w3.org/TR/xhtml1/DTD/xhtml1-transitional.dtd">
<html xmlns="http://www.w3.org/1999/xhtml" xml:lang="en" lang="en">
 <head>
  <title>
</title>
<meta http-equiv="Content-Type" content="text/html;charset=utf-8" />
  <meta name='ocr-system' content='tesseract 3.04.00' />
  <meta name='ocr-capabilities' content='ocr_page ocr_carea ocr_par ocr_line ocrx_word'/>
</head>
<body>
  <div class='ocr_page' id='page_1' title='image "./corpusscriptorum54stuoft_0602.png"; bbox 0 0 1884 3254; ppageno 0'>
   <div class='ocr_carea' id='block_1_1' title="bbox 231 261 1206 307">
    <p class='ocr_par' dir='ltr' id='par_1_1' title="bbox 231 261 1206 307">
     <span class='ocr_line' id='line_1_1' title="bbox 231 261 1206 307; baseline -0.008 -4"><span class='ocrx_word' id='word_1_1' title='bbox 231 266 315 307; x_wconf 88' lang='lat'>588</span> <span class='ocrx_word' id='word_1_2' title='bbox 774 261 925 297; x_wconf 87' lang='lat' dir='ltr'>Sancti</span> <span class='ocrx_word' id='word_1_3' title='bbox 949 261 1206 306; x_wconf 82' lang='lat' dir='ltr'><strong>Hieronymi</strong></span> 
     </span>
    </p>
   </div>
   <div class='ocr_carea' id='block_1_2' title="bbox 169 389 1805 1010">
    <p class='ocr_par' dir='ltr' id='par_1_2' title="bbox 169 389 1805 1010">
     <span class='ocr_line' id='line_1_2' title="bbox 231 389 1751 447; baseline -0.003 -12"><span class='ocrx_word' id='word_1_4' title='bbox 231 406 356 447; x_wconf 90' lang='lat' dir='ltr'>quam</span> <span class='ocrx_word' id='word_1_5' title='bbox 383 405 503 447; x_wconf 88' lang='lat' dir='ltr'>opere</span> <span class='ocrx_word' id='word_1_6' title='bbox 531 391 725 433; x_wconf 75' lang='lat' dir='ltr'>dixerint:</span> <span class='ocrx_word' id='word_1_7' title='bbox 753 390 1132 432; x_wconf 89' lang='lat' dir='ltr'>holocaustum</span> <span class='ocrx_word' id='word_1_8' title='bbox 1165 391 1310 431; x_wconf 82' lang='lat' dir='ltr'>tuum</span> <span class='ocrx_word' id='word_1_9' title='bbox 1342 389 1540 443; x_wconf 86' lang='lat' dir='ltr'>pingue</span> <span class='ocrx_word' id='word_1_10' title='bbox 1572 389 1675 430; x_wconf 86' lang='lat' dir='ltr'>fiat</span> <span class='ocrx_word' id='word_1_11' title='bbox 1705 392 1751 432; x_wconf 86' lang='lat' dir='ltr'>et</span> 
     </span>
     <span class='ocr_line' id='line_1_3' title="bbox 230 454 1747 516; baseline -0.004 -10"><span class='ocrx_word' id='word_1_12' title='bbox 230 462 623 516; x_wconf 88' lang='lat' dir='ltr'>concupiscentiam,</span> <span class='ocrx_word' id='word_1_13' title='bbox 666 460 854 502; x_wconf 84' lang='lat' dir='ltr'>libidinis</span> <span class='ocrx_word' id='word_1_14' title='bbox 897 454 1182 509; x_wconf 83' lang='lat' dir='ltr'>seminarium,</span> <span class='ocrx_word' id='word_1_15' title='bbox 1224 459 1322 514; x_wconf 84' lang='lat' dir='ltr'>igne</span> <span class='ocrx_word' id='word_1_16' title='bbox 1364 459 1539 513; x_wconf 82' lang='lat' dir='ltr'>spiritus</span> <span class='ocrx_word' id='word_1_17' title='bbox 1582 471 1747 501; x_wconf 89' lang='lat' dir='ltr'>concre-</span> 
     </span>
     <span class='ocr_line' id='line_1_4' title="bbox 230 529 1744 585; baseline -0.003 -10"><span class='ocrx_word' id='word_1_18' title='bbox 230 534 394 584; x_wconf 88' lang='lat' dir='ltr'>marint,</span> <span class='ocrx_word' id='word_1_19' title='bbox 427 534 663 574; x_wconf 87' lang='lat' dir='ltr'>mereantur</span> <span class='ocrx_word' id='word_1_20' title='bbox 694 531 880 585; x_wconf 87' lang='lat' dir='ltr'>accipere</span> <span class='ocrx_word' id='word_1_21' title='bbox 911 530 1146 584; x_wconf 87' lang='lat' dir='ltr'>praemium</span> <span class='ocrx_word' id='word_1_22' title='bbox 1178 531 1327 584; x_wconf 86' lang='lat' dir='ltr'>pectus</span> <span class='ocrx_word' id='word_1_23' title='bbox 1360 533 1402 571; x_wconf 91' lang='lat' dir='ltr'>et</span> <span class='ocrx_word' id='word_1_24' title='bbox 1430 529 1668 572; x_wconf 83' lang='lat' dir='ltr'>brachium:</span> <span class='ocrx_word' id='word_1_25' title='bbox 1703 530 1744 571; x_wconf 91' lang='lat' dir='ltr'>in</span> 
     </span>
     <span class='ocr_line' id='line_1_5' title="bbox 228 596 1749 659; baseline -0.002 -14"><span class='ocrx_word' id='word_1_26' title='bbox 228 606 395 659; x_wconf 80' lang='lat' dir='ltr'>pectore</span> <span class='ocrx_word' id='word_1_27' title='bbox 432 596 627 644; x_wconf 59' lang='lat' dir='ltr'>mundas*</span> <span class='ocrx_word' id='word_1_28' title='bbox 648 601 937 656; x_wconf 87' lang='lat' dir='ltr'>cogitationes,</span> <span class='ocrx_word' id='word_1_29' title='bbox 972 600 1082 655; x_wconf 87' lang='lat' dir='ltr'>legis</span> <span class='ocrx_word' id='word_1_30' title='bbox 1112 600 1319 650; x_wconf 74' lang='lat' dir='ltr'>notitiam,</span> <span class='ocrx_word' id='word_1_31' title='bbox 1358 600 1600 656; x_wconf 88' lang='lat' dir='ltr'>dogmatum</span> <span class='ocrx_word' id='word_1_32' title='bbox 1640 600 1749 642; x_wconf 88' lang='lat' dir='ltr'>ueri·</span> 
     </span>
     <span class='ocr_line' id='line_1_6' title="bbox 227 670 1805 726; baseline -0.003 -10"><span class='ocrx_word' id='word_1_33' title='bbox 227 677 371 724; x_wconf 88' lang='lat' dir='ltr'>tatem,</span> <span class='ocrx_word' id='word_1_34' title='bbox 409 673 450 715; x_wconf 91' lang='lat' dir='ltr'>in</span> <span class='ocrx_word' id='word_1_35' title='bbox 489 672 660 714; x_wconf 89' lang='lat' dir='ltr'>brachio</span> <span class='ocrx_word' id='word_1_36' title='bbox 699 675 825 725; x_wconf 83' lang='lat' dir='ltr'>opera</span> <span class='ocrx_word' id='word_1_37' title='bbox 854 671 963 713; x_wconf 89' lang='lat' dir='ltr'>bona</span> <span class='ocrx_word' id='word_1_38' title='bbox 993 672 1036 712; x_wconf 87' lang='lat' dir='ltr'>et</span> <span class='ocrx_word' id='word_1_39' title='bbox 1064 683 1251 726; x_wconf 84' lang='lat' dir='ltr'>pugnam</span> <span class='ocrx_word' id='word_1_40' title='bbox 1284 672 1428 713; x_wconf 89' lang='lat' dir='ltr'>contra</span> <span class='ocrx_word' id='word_1_41' title='bbox 1458 670 1673 712; x_wconf 89' lang='lat' dir='ltr'>diabolum</span> <span class='ocrx_word' id='word_1_42' title='bbox 1705 673 1748 713; x_wconf 86' lang='lat' dir='ltr'>et</span> <span class='ocrx_word' id='word_1_43' title='bbox 1783 684 1805 712; x_wconf 73' lang='grc' dir='ltr'>τ»</span> 
     </span>
     <span class='ocr_line' id='line_1_7' title="bbox 228 741 1750 797; baseline -0.003 -11"><span class='ocrx_word' id='word_1_44' title='bbox 228 747 428 787; x_wconf 83' lang='lat' dir='ltr'>armatam</span> <span class='ocrx_word' id='word_1_45' title='bbox 450 756 635 793; x_wconf 89' lang='lat' dir='ltr'>manum,</span> <span class='ocrx_word' id='word_1_46' title='bbox 660 745 723 794; x_wconf 93' lang='lat' dir='ltr'>ut,</span> <span class='ocrx_word' id='word_1_47' title='bbox 751 742 863 797; x_wconf 90' lang='lat' dir='ltr'>quod</span> <span class='ocrx_word' id='word_1_48' title='bbox 886 744 1026 784; x_wconf 84' lang='lat' dir='ltr'>mente</span> <span class='ocrx_word' id='word_1_49' title='bbox 1045 741 1323 795; x_wconf 83' lang='lat' dir='ltr'>conceperint,</span> <span class='ocrx_word' id='word_1_50' title='bbox 1349 741 1538 794; x_wconf 85' lang='lat' dir='ltr'>exemplo</span> <span class='ocrx_word' id='word_1_51' title='bbox 1556 742 1750 795; x_wconf 87' lang='lat' dir='ltr'>probent.</span> 
     </span>
     <span class='ocr_line' id='line_1_8' title="bbox 169 812 1747 868; baseline -0.002 -11"><span class='ocrx_word' id='word_1_52' title='bbox 169 816 185 847; x_wconf 63' lang='grc' dir='ltr'><strong><em>ἴ</em></strong></span> <span class='ocrx_word' id='word_1_53' title='bbox 226 817 346 857; x_wconf 86' lang='lat' dir='ltr'>lesus</span> <span class='ocrx_word' id='word_1_54' title='bbox 381 814 491 856; x_wconf 88' lang='lat' dir='ltr'>enim</span> <span class='ocrx_word' id='word_1_55' title='bbox 531 813 713 868; x_wconf 89' lang='lat' dir='ltr'>coepit</span> <span class='ocrx_word' id='word_1_56' title='bbox 749 813 928 855; x_wconf 85' lang='lat' dir='ltr'>facere</span> <span class='ocrx_word' id='word_1_57' title='bbox 961 814 1012 854; x_wconf 90' lang='lat' dir='ltr'>et</span> <span class='ocrx_word' id='word_1_58' title='bbox 1043 812 1244 854; x_wconf 77' lang='lat' dir='ltr'>docere,</span> <span class='ocrx_word' id='word_1_59' title='bbox 1282 812 1423 865; x_wconf 85' lang='lat' dir='ltr'>ipsum</span> <span class='ocrx_word' id='word_1_60' title='bbox 1456 823 1623 866; x_wconf 89' lang='lat' dir='ltr'>quoquc</span> <span class='ocrx_word' id='word_1_61' title='bbox 1653 824 1747 866; x_wconf 90' lang='lat' dir='ltr'>pec-</span> 
     </span>
     <span class='ocr_line' id='line_1_9' title="bbox 225 881 1747 939; baseline -0.002 -12"><span class='ocrx_word' id='word_1_62' title='bbox 225 884 440 927; x_wconf 85' lang='lat' dir='ltr'>tusculum</span> <span class='ocrx_word' id='word_1_63' title='bbox 474 883 709 937; x_wconf 83' lang='lat' dir='ltr'>appellatur</span> <span class='ocrx_word' id='word_1_64' title='bbox 740 881 995 939; x_wconf 73' lang='grc' dir='ltr'>ἐπιθέματος,</span> <span class='ocrx_word' id='word_1_65' title='bbox 1027 882 1071 924; x_wconf 91' lang='lat' dir='ltr'>id</span> <span class='ocrx_word' id='word_1_66' title='bbox 1103 883 1170 924; x_wconf 86' lang='lat' dir='ltr'>est</span> <span class='ocrx_word' id='word_1_67' title='bbox 1195 882 1484 932; x_wconf 82' lang='lat' dir='ltr'>additamenti,</span> <span class='ocrx_word' id='word_1_68' title='bbox 1517 882 1608 924; x_wconf 83' lang='lat' dir='ltr'>siue</span> <span class='ocrx_word' id='word_1_69' title='bbox 1632 895 1747 936; x_wconf 86' lang='lat' dir='ltr'>prae-</span> 
     </span>
     <span class='ocr_line' id='line_1_10' title="bbox 227 952 1750 1010; baseline -0.002 -13"><span class='ocrx_word' id='word_1_70' title='bbox 227 955 397 1010; x_wconf 91' lang='lat' dir='ltr'>cipuum</span> <span class='ocrx_word' id='word_1_71' title='bbox 419 957 461 996; x_wconf 88' lang='lat' dir='ltr'>et</span> <span class='ocrx_word' id='word_1_72' title='bbox 481 954 698 1009; x_wconf 86' lang='lat' dir='ltr'>egregium</span> <span class='ocrx_word' id='word_1_73' title='bbox 718 978 774 983; x_wconf 89' lang='lat'>—-</span> <span class='ocrx_word' id='word_1_74' title='bbox 794 953 969 994; x_wconf 86' lang='lat' dir='ltr'>thenufa</span> <span class='ocrx_word' id='word_1_75' title='bbox 990 953 1142 1007; x_wconf 90' lang='lat' dir='ltr'>quippe</span> <span class='ocrx_word' id='word_1_76' title='bbox 1162 953 1241 994; x_wconf 88' lang='lat' dir='ltr'>hoc</span> <span class='ocrx_word' id='word_1_77' title='bbox 1260 952 1396 1007; x_wconf 86' lang='lat' dir='ltr'>magis</span> <span class='ocrx_word' id='word_1_78' title='bbox 1417 955 1538 995; x_wconf 91' lang='lat' dir='ltr'>sonat</span> <span class='ocrx_word' id='word_1_79' title='bbox 1559 977 1615 983; x_wconf 71' lang='lat'>—</span> <span class='ocrx_word' id='word_1_80' title='bbox 1634 952 1750 994; x_wconf 85' lang='lat' dir='ltr'>iuxta</span> 
     </span>
    </p>
   </div>
   <div class='ocr_carea' id='block_1_3' title="bbox 225 1022 1883 1086">
    <p class='ocr_par' dir='ltr' id='par_1_3' title="bbox 225 1022 1883 1086">
     <span class='ocr_line' id='line_1_11' title="bbox 225 1022 1883 1086; baseline -0.002 -19"><span class='ocrx_word' id='word_1_81' title='bbox 225 1025 332 1067; x_wconf 89' lang='lat' dir='ltr'>illud</span> <span class='ocrx_word' id='word_1_82' title='bbox 353 1024 605 1066; x_wconf 83' lang='lat' dir='ltr'>Malachiae:</span> <span class='ocrx_word' id='word_1_83' title='bbox 632 1024 779 1065; x_wconf 87' lang='lat' dir='ltr'>labia</span> <span class='ocrx_word' id='word_1_84' title='bbox 799 1023 1103 1065; x_wconf 87' lang='lat' dir='ltr'>sacerdotis</span> <span class='ocrx_word' id='word_1_85' title='bbox 1124 1022 1442 1065; x_wconf 87' lang='lat' dir='ltr'>custodient</span> <span class='ocrx_word' id='word_1_86' title='bbox 1461 1023 1747 1065; x_wconf 87' lang='lat' dir='ltr'>scientiam</span> <span class='ocrx_word' id='word_1_87' title='bbox 1772 1035 1812 1064; x_wconf 80' lang='lat' dir='ltr'>ro</span> <span class='ocrx_word' id='word_1_88' title='bbox 1879 1034 1883 1086; x_wconf 42' lang='lat' dir='ltr'>s</span> 
     </span>
    </p>
   </div>
   <div class='ocr_carea' id='block_1_4' title="bbox 223 1093 1810 1713">
    <p class='ocr_par' dir='ltr' id='par_1_4' title="bbox 223 1093 1810 1713">
     <span class='ocr_line' id='line_1_12' title="bbox 226 1093 1748 1150; baseline -0.001 -13"><span class='ocrx_word' id='word_1_89' title='bbox 226 1098 275 1137; x_wconf 89' lang='lat' dir='ltr'>et</span> <span class='ocrx_word' id='word_1_90' title='bbox 312 1095 483 1150; x_wconf 90' lang='lat' dir='ltr'>legem</span> <span class='ocrx_word' id='word_1_91' title='bbox 519 1094 802 1148; x_wconf 82' lang='lat' dir='ltr'>requirent</span> <span class='ocrx_word' id='word_1_92' title='bbox 845 1107 901 1136; x_wconf 87' lang='lat' dir='ltr'>ex</span> <span class='ocrx_word' id='word_1_93' title='bbox 929 1106 1030 1136; x_wconf 55' lang='lat' dir='ltr'>vore</span> <span class='ocrx_word' id='word_1_94' title='bbox 1075 1093 1208 1144; x_wconf 84' lang='lat' dir='ltr'>eius,</span> <span class='ocrx_word' id='word_1_95' title='bbox 1247 1107 1295 1135; x_wconf 82' lang='lat' dir='ltr'>ex</span> <span class='ocrx_word' id='word_1_96' title='bbox 1335 1106 1416 1146; x_wconf 88' lang='lat' dir='ltr'>quo</span> <span class='ocrx_word' id='word_1_97' title='bbox 1459 1093 1748 1148; x_wconf 81' lang='lat' dir='ltr'>intellegimus</span> 
     </span>
     <span class='ocr_line' id='line_1_13' title="bbox 224 1164 1751 1219; baseline -0.001 -12"><span class='ocrx_word' id='word_1_98' title='bbox 224 1166 491 1219; x_wconf 87' lang='lat' dir='ltr'>praecipuam</span> <span class='ocrx_word' id='word_1_99' title='bbox 542 1165 691 1207; x_wconf 86' lang='lat' dir='ltr'>debere</span> <span class='ocrx_word' id='word_1_100' title='bbox 741 1177 832 1207; x_wconf 87' lang='lat' dir='ltr'>esse</span> <span class='ocrx_word' id='word_1_101' title='bbox 881 1165 924 1206; x_wconf 89' lang='lat' dir='ltr'>in</span> <span class='ocrx_word' id='word_1_102' title='bbox 969 1164 1257 1207; x_wconf 85' lang='lat' dir='ltr'>sacerdotibus</span> <span class='ocrx_word' id='word_1_103' title='bbox 1300 1164 1411 1219; x_wconf 88' lang='lat' dir='ltr'>legis</span> <span class='ocrx_word' id='word_1_104' title='bbox 1455 1164 1751 1218; x_wconf 83' lang='lat' dir='ltr'>doctrinaeque</span> 
     </span>
     <span class='ocr_line' id='line_1_14' title="bbox 225 1234 1749 1290; baseline 0.001 -13"><span class='ocrx_word' id='word_1_105' title='bbox 225 1236 417 1278; x_wconf 87' lang='lat' dir='ltr'>notitiam</span> <span class='ocrx_word' id='word_1_106' title='bbox 450 1238 493 1278; x_wconf 87' lang='lat' dir='ltr'>et</span> <span class='ocrx_word' id='word_1_107' title='bbox 525 1235 810 1278; x_wconf 83' lang='lat' dir='ltr'>additamento</span> <span class='ocrx_word' id='word_1_108' title='bbox 837 1235 995 1290; x_wconf 88' lang='lat' dir='ltr'>gratiae</span> <span class='ocrx_word' id='word_1_109' title='bbox 1022 1235 1225 1288; x_wconf 82' lang='lat' dir='ltr'>spiritalis</span> <span class='ocrx_word' id='word_1_110' title='bbox 1250 1235 1377 1277; x_wconf 84' lang='lat' dir='ltr'>talem</span> <span class='ocrx_word' id='word_1_111' title='bbox 1405 1235 1544 1277; x_wconf 79' lang='lat' dir='ltr'>uirum</span> <span class='ocrx_word' id='word_1_112' title='bbox 1569 1234 1749 1278; x_wconf 86' lang='lat' dir='ltr'>institui.</span> 
     </span>
     <span class='ocr_line' id='line_1_15' title="bbox 225 1305 1751 1361; baseline -0.001 -13"><span class='ocrx_word' id='word_1_113' title='bbox 225 1307 297 1360; x_wconf 91' lang='lat' dir='ltr'>qui</span> <span class='ocrx_word' id='word_1_114' title='bbox 340 1307 478 1361; x_wconf 83' lang='lat' dir='ltr'>possit</span> <span class='ocrx_word' id='word_1_115' title='bbox 521 1306 905 1349; x_wconf 83' lang='lat' dir='ltr'>contradicentibus</span> <span class='ocrx_word' id='word_1_116' title='bbox 948 1306 1144 1348; x_wconf 77' lang='lat' dir='ltr'>resistere</span> <span class='ocrx_word' id='word_1_117' title='bbox 1189 1308 1231 1347; x_wconf 88' lang='lat' dir='ltr'>et</span> <span class='ocrx_word' id='word_1_118' title='bbox 1272 1306 1378 1347; x_wconf 90' lang='lat' dir='ltr'>nihil</span> <span class='ocrx_word' id='word_1_119' title='bbox 1420 1306 1462 1347; x_wconf 91' lang='lat' dir='ltr'>in</span> <span class='ocrx_word' id='word_1_120' title='bbox 1507 1318 1552 1348; x_wconf 86' lang='lat' dir='ltr'>se</span> <span class='ocrx_word' id='word_1_121' title='bbox 1589 1305 1751 1348; x_wconf 88' lang='lat' dir='ltr'>sinistri</span> 
     </span>
     <span class='ocr_line' id='line_1_16' title="bbox 223 1374 1810 1430; baseline 0.001 -13"><span class='ocrx_word' id='word_1_122' title='bbox 223 1377 377 1419; x_wconf 87' lang='lat' dir='ltr'>habere</span> <span class='ocrx_word' id='word_1_123' title='bbox 411 1378 562 1430; x_wconf 85' lang='lat' dir='ltr'>operis,</span> <span class='ocrx_word' id='word_1_124' title='bbox 596 1377 708 1430; x_wconf 92' lang='lat' dir='ltr'>quod</span> <span class='ocrx_word' id='word_1_125' title='bbox 733 1376 861 1427; x_wconf 86' lang='lat' dir='ltr'>ducat</span> <span class='ocrx_word' id='word_1_126' title='bbox 889 1376 941 1418; x_wconf 90' lang='lat' dir='ltr'>ad</span> <span class='ocrx_word' id='word_1_127' title='bbox 971 1378 1189 1427; x_wconf 87' lang='lat' dir='ltr'>tartarum,</span> <span class='ocrx_word' id='word_1_128' title='bbox 1218 1376 1290 1418; x_wconf 90' lang='lat' dir='ltr'>sed</span> <span class='ocrx_word' id='word_1_129' title='bbox 1317 1376 1504 1418; x_wconf 83' lang='lat' dir='ltr'>dextrum</span> <span class='ocrx_word' id='word_1_130' title='bbox 1531 1374 1747 1418; x_wconf 87' lang='lat' dir='ltr'>brachium</span> <span class='ocrx_word' id='word_1_131' title='bbox 1771 1390 1810 1418; x_wconf 75' lang='lat'>15</span> 
     </span>
     <span class='ocr_line' id='line_1_17' title="bbox 225 1447 1749 1502; baseline 0 -14"><span class='ocrx_word' id='word_1_132' title='bbox 225 1449 267 1488; x_wconf 90' lang='lat' dir='ltr'>et</span> <span class='ocrx_word' id='word_1_133' title='bbox 304 1450 558 1500; x_wconf 86' lang='lat' dir='ltr'>separatum,</span> <span class='ocrx_word' id='word_1_134' title='bbox 591 1450 641 1490; x_wconf 93' lang='lat' dir='ltr'>ut</span> <span class='ocrx_word' id='word_1_135' title='bbox 672 1460 797 1502; x_wconf 88' lang='lat' dir='ltr'>opera</span> <span class='ocrx_word' id='word_1_136' title='bbox 828 1447 1059 1490; x_wconf 88' lang='lat' dir='ltr'>sacerdotis</span> <span class='ocrx_word' id='word_1_137' title='bbox 1093 1447 1386 1501; x_wconf 87' lang='lat' dir='ltr'>conparatione</span> <span class='ocrx_word' id='word_1_138' title='bbox 1416 1447 1626 1489; x_wconf 79' lang='lat' dir='ltr'>uiltutum</span> <span class='ocrx_word' id='word_1_139' title='bbox 1658 1447 1749 1489; x_wconf 89' lang='lat' dir='ltr'>eius</span> 
     </span>
     <span class='ocr_line' id='line_1_18' title="bbox 223 1516 1750 1571; baseline 0 -13"><span class='ocrx_word' id='word_1_140' title='bbox 223 1531 246 1558; x_wconf 88' lang='lat' dir='ltr'>a</span> <span class='ocrx_word' id='word_1_141' title='bbox 291 1518 455 1559; x_wconf 88' lang='lat' dir='ltr'>cunctis</span> <span class='ocrx_word' id='word_1_142' title='bbox 500 1518 740 1560; x_wconf 81' lang='lat' dir='ltr'>hominibus</span> <span class='ocrx_word' id='word_1_143' title='bbox 786 1519 978 1571; x_wconf 86' lang='lat' dir='ltr'>separata</span> <span class='ocrx_word' id='word_1_144' title='bbox 1022 1517 1117 1559; x_wconf 85' lang='lat' dir='ltr'>sint.</span> <span class='ocrx_word' id='word_1_145' title='bbox 1163 1517 1266 1559; x_wconf 90' lang='lat' dir='ltr'>haec</span> <span class='ocrx_word' id='word_1_146' title='bbox 1303 1518 1354 1560; x_wconf 89' lang='lat' dir='ltr'>de</span> <span class='ocrx_word' id='word_1_147' title='bbox 1392 1517 1580 1560; x_wconf 87' lang='lat' dir='ltr'>uictimis</span> <span class='ocrx_word' id='word_1_148' title='bbox 1619 1519 1662 1559; x_wconf 89' lang='lat' dir='ltr'>et</span> <span class='ocrx_word' id='word_1_149' title='bbox 1699 1516 1750 1558; x_wconf 90' lang='lat' dir='ltr'>de</span> 
     </span>
     <span class='ocr_line' id='line_1_19' title="bbox 224 1588 1750 1642; baseline -0.001 -12"><span class='ocrx_word' id='word_1_150' title='bbox 224 1589 306 1638; x_wconf 74' lang='lat' dir='ltr'>hie,</span> <span class='ocrx_word' id='word_1_151' title='bbox 347 1601 452 1642; x_wconf 88' lang='lat' dir='ltr'>quae</span> <span class='ocrx_word' id='word_1_152' title='bbox 492 1588 722 1630; x_wconf 86' lang='lat' dir='ltr'>offeruntur</span> <span class='ocrx_word' id='word_1_153' title='bbox 758 1588 800 1630; x_wconf 91' lang='lat' dir='ltr'>in</span> <span class='ocrx_word' id='word_1_154' title='bbox 838 1588 972 1639; x_wconf 90' lang='lat' dir='ltr'>altari,</span> <span class='ocrx_word' id='word_1_155' title='bbox 1011 1588 1301 1631; x_wconf 89' lang='lat' dir='ltr'>sacerdotibus</span> <span class='ocrx_word' id='word_1_156' title='bbox 1333 1588 1484 1631; x_wconf 89' lang='lat' dir='ltr'>dantur</span> <span class='ocrx_word' id='word_1_157' title='bbox 1514 1601 1539 1630; x_wconf 88' lang='lat' dir='ltr'>a</span> <span class='ocrx_word' id='word_1_158' title='bbox 1570 1588 1750 1630; x_wconf 92' lang='lat' dir='ltr'>domino·</span> 
     </span>
     <span class='ocr_line' id='line_1_20' title="bbox 283 1658 1749 1713; baseline 0 -13"><span class='ocrx_word' id='word_1_159' title='bbox 283 1659 323 1700; x_wconf 85' lang='lat'>2.</span> <span class='ocrx_word' id='word_1_160' title='bbox 359 1658 555 1701; x_wconf 85' lang='lat' dir='ltr'>Ceterum</span> <span class='ocrx_word' id='word_1_161' title='bbox 587 1662 630 1700; x_wconf 88' lang='lat' dir='ltr'>et</span> <span class='ocrx_word' id='word_1_162' title='bbox 661 1660 742 1701; x_wconf 84' lang='lat' dir='ltr'>alia</span> <span class='ocrx_word' id='word_1_163' title='bbox 772 1659 854 1700; x_wconf 90' lang='lat' dir='ltr'>tria</span> <span class='ocrx_word' id='word_1_164' title='bbox 886 1659 1070 1713; x_wconf 85' lang='lat' dir='ltr'>exceptis</span> <span class='ocrx_word' id='word_1_165' title='bbox 1102 1659 1299 1713; x_wconf 87' lang='lat' dir='ltr'>primitiis</span> <span class='ocrx_word' id='word_1_166' title='bbox 1330 1659 1565 1702; x_wconf 87' lang='lat' dir='ltr'>hostiarum</span> <span class='ocrx_word' id='word_1_167' title='bbox 1591 1658 1642 1700; x_wconf 91' lang='lat' dir='ltr'>de</span> <span class='ocrx_word' id='word_1_168' title='bbox 1667 1659 1749 1713; x_wconf 89' lang='lat' dir='ltr'>pri-</span> 
     </span>
    </p>
   </div>
   <div class='ocr_carea' id='block_1_5' title="bbox 229 1817 1750 1918">
    <p class='ocr_par' dir='ltr' id='par_1_5' title="bbox 229 1817 1750 1918">
     <span class='ocr_line' id='line_1_21' title="bbox 343 1817 1750 1865; baseline 0.004 -15"><span class='ocrx_word' id='word_1_169' title='bbox 343 1817 360 1850; x_wconf 94' lang='lat'>1</span> <span class='ocrx_word' id='word_1_170' title='bbox 390 1818 448 1852; x_wconf 81' lang='lat' dir='ltr'>Ps.</span> <span class='ocrx_word' id='word_1_171' title='bbox 477 1818 532 1861; x_wconf 87' lang='lat'>19,</span> <span class='ocrx_word' id='word_1_172' title='bbox 558 1818 580 1851; x_wconf 87' lang='lat'>4</span> <span class='ocrx_word' id='word_1_173' title='bbox 685 1818 703 1851; x_wconf 85' lang='lat'><strong>7</strong></span> <span class='ocrx_word' id='word_1_174' title='bbox 730 1817 809 1852; x_wconf 72' lang='lat' dir='ltr'>Act.</span> <span class='ocrx_word' id='word_1_175' title='bbox 837 1818 869 1860; x_wconf 90' lang='lat'>1,</span> <span class='ocrx_word' id='word_1_176' title='bbox 898 1818 914 1852; x_wconf 95' lang='lat'>1</span> <span class='ocrx_word' id='word_1_177' title='bbox 1020 1818 1041 1852; x_wconf 77' lang='lat' dir='ltr'>s</span> <span class='ocrx_word' id='word_1_178' title='bbox 1069 1818 1111 1854; x_wconf 79' lang='lat' dir='ltr'>cf.</span> <span class='ocrx_word' id='word_1_179' title='bbox 1139 1818 1227 1853; x_wconf 77' lang='lat' dir='ltr'>Len.</span> <span class='ocrx_word' id='word_1_180' title='bbox 1255 1820 1286 1863; x_wconf 85' lang='lat'>7,</span> <span class='ocrx_word' id='word_1_181' title='bbox 1313 1820 1360 1854; x_wconf 84' lang='lat'>24</span> <span class='ocrx_word' id='word_1_182' title='bbox 1464 1820 1507 1854; x_wconf 90' lang='lat'>10</span> <span class='ocrx_word' id='word_1_183' title='bbox 1535 1820 1641 1855; x_wconf 64' lang='lat' dir='ltr'>*Mar</span> <span class='ocrx_word' id='word_1_184' title='bbox 1667 1821 1700 1865; x_wconf 81' lang='lat'>2,</span> <span class='ocrx_word' id='word_1_185' title='bbox 1727 1821 1750 1855; x_wconf 80' lang='lat'><strong>7</strong></span> 
     </span>
     <span class='ocr_line' id='line_1_22' title="bbox 229 1876 545 1918; baseline 0.003 -8"><span class='ocrx_word' id='word_1_186' title='bbox 229 1876 271 1910; x_wconf 89' lang='lat'>14</span> <span class='ocrx_word' id='word_1_187' title='bbox 299 1876 343 1911; x_wconf 77' lang='lat' dir='ltr'>cf.</span> <span class='ocrx_word' id='word_1_188' title='bbox 369 1876 439 1910; x_wconf 81' lang='lat' dir='ltr'>Tit.</span> <span class='ocrx_word' id='word_1_189' title='bbox 468 1877 498 1918; x_wconf 89' lang='lat'>1,</span> <span class='ocrx_word' id='word_1_190' title='bbox 524 1877 545 1911; x_wconf 82' lang='lat'>9</span> 
     </span>
    </p>
   </div>
   <div class='ocr_carea' id='block_1_6' title="bbox 224 1958 1777 2881">
    <p class='ocr_par' dir='ltr' id='par_1_6' title="bbox 224 1958 1777 2881">
     <span class='ocr_line' id='line_1_23' title="bbox 273 1958 1748 2008; baseline 0.003 -15"><span class='ocrx_word' id='word_1_191' title='bbox 273 1959 289 1993; x_wconf 91' lang='lat'>1</span> <span class='ocrx_word' id='word_1_192' title='bbox 317 1958 354 1992; x_wconf 90' lang='lat' dir='ltr'>in</span> <span class='ocrx_word' id='word_1_193' title='bbox 381 1960 502 2002; x_wconf 61' lang='lat' dir='ltr'>(was.)</span> <span class='ocrx_word' id='word_1_194' title='bbox 530 1970 636 2004; x_wconf 89' lang='lat' dir='ltr'>opere</span> <span class='ocrx_word' id='word_1_195' title='bbox 661 1959 699 1994; x_wconf 84' lang='lat' dir='ltr'><em>R</em></span> <span class='ocrx_word' id='word_1_196' title='bbox 837 1959 1002 1994; x_wconf 88' lang='lat' dir='ltr'>dixerunt</span> <span class='ocrx_word' id='word_1_197' title='bbox 1029 1960 1152 2003; x_wconf 82' lang='lat' dir='ltr'>Ila.r.,·</span> <span class='ocrx_word' id='word_1_198' title='bbox 1178 1961 1264 1996; x_wconf 83' lang='lat' dir='ltr'>add.</span> <span class='ocrx_word' id='word_1_199' title='bbox 1292 1961 1358 1996; x_wconf 88' lang='lat' dir='ltr'>deo</span> <span class='ocrx_word' id='word_1_200' title='bbox 1386 1962 1497 1997; x_wconf 90' lang='lat' dir='ltr'><em>IIDB</em></span> <span class='ocrx_word' id='word_1_201' title='bbox 1633 1964 1685 2008; x_wconf 85' lang='lat' dir='ltr'>et]</span> <span class='ocrx_word' id='word_1_202' title='bbox 1712 1966 1748 1997; x_wconf 89' lang='lat' dir='ltr'>et</span> 
     </span>
     <span class='ocr_line' id='line_1_24' title="bbox 225 2017 1753 2064; baseline 0.003 -13"><span class='ocrx_word' id='word_1_203' title='bbox 225 2028 302 2051; x_wconf 89' lang='lat' dir='ltr'>cum</span> <span class='ocrx_word' id='word_1_204' title='bbox 327 2017 364 2051; x_wconf 91' lang='lat' dir='ltr'><em>B</em></span> <span class='ocrx_word' id='word_1_205' title='bbox 459 2019 480 2052; x_wconf 90' lang='lat'>2</span> <span class='ocrx_word' id='word_1_206' title='bbox 508 2018 800 2064; x_wconf 87' lang='lat' dir='ltr'>concupiscentia</span> <span class='ocrx_word' id='word_1_207' title='bbox 824 2019 869 2053; x_wconf 89' lang='lat' dir='ltr'><strong><em>K</em></strong></span> <span class='ocrx_word' id='word_1_208' title='bbox 966 2019 1062 2063; x_wconf 87' lang='lat' dir='ltr'>ignis</span> <span class='ocrx_word' id='word_1_209' title='bbox 1087 2021 1118 2063; x_wconf 85' lang='lat' dir='ltr'>(s</span> <span class='ocrx_word' id='word_1_210' title='bbox 1144 2021 1254 2062; x_wconf 81' lang='lat' dir='ltr'>eras.)</span> <span class='ocrx_word' id='word_1_211' title='bbox 1281 2019 1324 2054; x_wconf 93' lang='lat' dir='ltr'><strong><em>K</em></strong></span> <span class='ocrx_word' id='word_1_212' title='bbox 1418 2026 1684 2056; x_wconf 85' lang='lat' dir='ltr'>concremarent</span> <span class='ocrx_word' id='word_1_213' title='bbox 1708 2021 1753 2055; x_wconf 89' lang='lat' dir='ltr'><strong><em>K</em></strong></span> 
     </span>
     <span class='ocr_line' id='line_1_25' title="bbox 226 2076 1748 2115; baseline 0.004 -6"><span class='ocrx_word' id='word_1_214' title='bbox 226 2076 455 2110; x_wconf 61' lang='lat' dir='ltr'>-mnauerint</span> <span class='ocrx_word' id='word_1_215' title='bbox 482 2077 521 2110; x_wconf 84' lang='lat'>11</span> <span class='ocrx_word' id='word_1_216' title='bbox 541 2077 737 2111; x_wconf 83' lang='lat' dir='ltr'>-mauerint</span> <span class='ocrx_word' id='word_1_217' title='bbox 761 2077 836 2111; x_wconf 88' lang='lat' dir='ltr'>DB</span> <span class='ocrx_word' id='word_1_218' title='bbox 910 2077 930 2112; x_wconf 86' lang='lat'><strong>3</strong></span> <span class='ocrx_word' id='word_1_219' title='bbox 957 2077 1160 2112; x_wconf 82' lang='lat' dir='ltr'>bracchium</span> <span class='ocrx_word' id='word_1_220' title='bbox 1188 2078 1266 2114; x_wconf 85' lang='lat' dir='ltr'>HR</span> <span class='ocrx_word' id='word_1_221' title='bbox 1338 2079 1361 2113; x_wconf 84' lang='lat'>4</span> <span class='ocrx_word' id='word_1_222' title='bbox 1385 2079 1519 2114; x_wconf 84' lang='lat' dir='ltr'>notitia</span> <span class='ocrx_word' id='word_1_223' title='bbox 1542 2079 1586 2114; x_wconf 90' lang='lat' dir='ltr'><strong><em>K</em></strong></span> <span class='ocrx_word' id='word_1_224' title='bbox 1654 2082 1748 2115; x_wconf 86' lang='lat' dir='ltr'>ueri·</span> 
     </span>
     <span class='ocr_line' id='line_1_26' title="bbox 224 2134 1747 2182; baseline 0.003 -14"><span class='ocrx_word' id='word_1_225' title='bbox 224 2136 301 2168; x_wconf 86' lang='lat' dir='ltr'>tate</span> <span class='ocrx_word' id='word_1_226' title='bbox 325 2135 402 2170; x_wconf 88' lang='lat' dir='ltr'>KR</span> <span class='ocrx_word' id='word_1_227' title='bbox 463 2136 484 2169; x_wconf 80' lang='grc'>5</span> <span class='ocrx_word' id='word_1_228' title='bbox 508 2135 605 2170; x_wconf 85' lang='lat' dir='ltr'>bona</span> <span class='ocrx_word' id='word_1_229' title='bbox 631 2147 687 2180; x_wconf 85' lang='lat' dir='ltr'>op.</span> <span class='ocrx_word' id='word_1_230' title='bbox 713 2134 751 2169; x_wconf 92' lang='lat' dir='ltr'><em>D</em></span> <span class='ocrx_word' id='word_1_231' title='bbox 836 2146 958 2180; x_wconf 85' lang='lat' dir='ltr'>pugna</span> <span class='ocrx_word' id='word_1_232' title='bbox 983 2135 1096 2170; x_wconf 88' lang='grc' dir='ltr'>ΚΦΒ</span> <span class='ocrx_word' id='word_1_233' title='bbox 1120 2147 1203 2182; x_wconf 57' lang='lat' dir='ltr'>pun</span> <span class='ocrx_word' id='word_1_234' title='bbox 1231 2137 1268 2171; x_wconf 85' lang='lat'>11</span> <span class='ocrx_word' id='word_1_235' title='bbox 1348 2137 1513 2172; x_wconf 83' lang='lat' dir='ltr'>zabulum</span> <span class='ocrx_word' id='word_1_236' title='bbox 1538 2138 1582 2172; x_wconf 89' lang='lat' dir='ltr'><strong><em>K</em></strong></span> <span class='ocrx_word' id='word_1_237' title='bbox 1643 2139 1666 2173; x_wconf 84' lang='lat'><strong>6</strong></span> <span class='ocrx_word' id='word_1_238' title='bbox 1691 2150 1747 2173; x_wconf 85' lang='lat' dir='ltr'>ar-</span> 
     </span>
     <span class='ocr_line' id='line_1_27' title="bbox 224 2193 1755 2243; baseline 0.005 -17"><span class='ocrx_word' id='word_1_239' title='bbox 224 2196 323 2227; x_wconf 83' lang='lat' dir='ltr'>mata</span> <span class='ocrx_word' id='word_1_240' title='bbox 359 2193 402 2227; x_wconf 90' lang='lat' dir='ltr'><strong><em>K</em></strong></span> <span class='ocrx_word' id='word_1_241' title='bbox 435 2196 610 2228; x_wconf 85' lang='lat' dir='ltr'>armatum</span> <span class='ocrx_word' id='word_1_242' title='bbox 648 2194 692 2228; x_wconf 91' lang='lat' dir='ltr'><strong><em>H</em></strong></span> <span class='ocrx_word' id='word_1_243' title='bbox 830 2206 939 2230; x_wconf 85' lang='lat' dir='ltr'>manu</span> <span class='ocrx_word' id='word_1_244' title='bbox 976 2194 1020 2228; x_wconf 89' lang='lat' dir='ltr'><strong><em>K</em></strong></span> <span class='ocrx_word' id='word_1_245' title='bbox 1078 2223 1080 2226; x_wconf 66' lang='grc'>,</span> <span class='ocrx_word' id='word_1_246' title='bbox 1154 2196 1210 2241; x_wconf 84' lang='lat' dir='ltr'>ut]</span> <span class='ocrx_word' id='word_1_247' title='bbox 1251 2198 1288 2231; x_wconf 90' lang='lat' dir='ltr'>et</span> <span class='ocrx_word' id='word_1_248' title='bbox 1323 2196 1368 2231; x_wconf 92' lang='lat' dir='ltr'><strong><em>K</em></strong></span> <span class='ocrx_word' id='word_1_249' title='bbox 1507 2197 1682 2243; x_wconf 85' lang='lat' dir='ltr'>praebent</span> <span class='ocrx_word' id='word_1_250' title='bbox 1714 2198 1755 2233; x_wconf 85' lang='lat'>11</span> 
     </span>
     <span class='ocr_line' id='line_1_28' title="bbox 225 2251 1752 2292; baseline 0.005 -7"><span class='ocrx_word' id='word_1_251' title='bbox 225 2252 246 2286; x_wconf 89' lang='grc'>8</span> <span class='ocrx_word' id='word_1_252' title='bbox 271 2251 519 2287; x_wconf 81' lang='grc' dir='ltr'>ΕΠΙΘΜΓΟΟ</span> <span class='ocrx_word' id='word_1_253' title='bbox 545 2253 588 2287; x_wconf 90' lang='grc' dir='ltr'><strong><em>Κ</em></strong></span> <span class='ocrx_word' id='word_1_254' title='bbox 608 2252 923 2289; x_wconf 80' lang='grc' dir='ltr'><strong>ΕΗΙΘΕΜΑΤΟΟ</strong></span> <span class='ocrx_word' id='word_1_255' title='bbox 940 2253 986 2288; x_wconf 90' lang='lat' dir='ltr'><em>H</em></span> <span class='ocrx_word' id='word_1_256' title='bbox 1007 2257 1044 2288; x_wconf 89' lang='lat' dir='ltr'>et</span> <span class='ocrx_word' id='word_1_257' title='bbox 1070 2254 1283 2290; x_wconf 87' lang='lat' dir='ltr'>uehematoc</span> <span class='ocrx_word' id='word_1_258' title='bbox 1311 2255 1350 2290; x_wconf 87' lang='lat' dir='ltr'><em>H</em></span> <span class='ocrx_word' id='word_1_259' title='bbox 1370 2255 1694 2292; x_wconf 83' lang='lat' dir='ltr'>ENOEAAATOC</span> <span class='ocrx_word' id='word_1_260' title='bbox 1716 2257 1752 2291; x_wconf 87' lang='grc' dir='ltr'><em>Φ</em></span> 
     </span>
     <span class='ocr_line' id='line_1_29' title="bbox 225 2308 1777 2360; baseline 0.005 -17"><span class='ocrx_word' id='word_1_261' title='bbox 225 2308 563 2346; x_wconf 81' lang='grc' dir='ltr'>ΕΤΙΕΘΕΜΑΤΟΟ</span> <span class='ocrx_word' id='word_1_262' title='bbox 588 2311 633 2352; x_wconf 85' lang='grc' dir='ltr'>Β,</span> <span class='ocrx_word' id='word_1_263' title='bbox 660 2316 753 2347; x_wconf 81' lang='lat' dir='ltr'>rec-te</span> <span class='ocrx_word' id='word_1_264' title='bbox 777 2312 949 2356; x_wconf 73' lang='lat' dir='ltr'>scriptum</span> <span class='ocrx_word' id='word_1_265' title='bbox 973 2313 1015 2348; x_wconf 74' lang='lat' dir='ltr'>in</span> <span class='ocrx_word' id='word_1_266' title='bbox 1038 2313 1115 2348; x_wconf 85' lang='lat' dir='ltr'>RD</span> <span class='ocrx_word' id='word_1_267' title='bbox 1139 2312 1288 2360; x_wconf 76' lang='grc' dir='ltr'>ἐπίθεμα</span> <span class='ocrx_word' id='word_1_268' title='bbox 1312 2326 1336 2358; x_wconf 77' lang='grc' dir='ltr'><em>ς</em></span> <span class='ocrx_word' id='word_1_269' title='bbox 1460 2313 1747 2351; x_wconf 82' lang='lat' dir='ltr'>additamentum</span> <span class='ocrx_word' id='word_1_270' title='bbox 1765 2351 1777 2360; x_wconf 65' lang='lat'>‚</span> 
     </span>
     <span class='ocr_line' id='line_1_30' title="bbox 228 2368 1751 2420; baseline 0.005 -18"><span class='ocrx_word' id='word_1_271' title='bbox 228 2368 339 2403; x_wconf 85' lang='lat' dir='ltr'><em>11DB</em></span> <span class='ocrx_word' id='word_1_272' title='bbox 482 2370 695 2416; x_wconf 84' lang='lat' dir='ltr'>principium</span> <span class='ocrx_word' id='word_1_273' title='bbox 724 2371 798 2406; x_wconf 78' lang='grc' dir='ltr'>ΠΒ</span> <span class='ocrx_word' id='word_1_274' title='bbox 941 2373 962 2406; x_wconf 89' lang='grc'>9</span> <span class='ocrx_word' id='word_1_275' title='bbox 988 2372 1138 2407; x_wconf 81' lang='lat' dir='ltr'>thenafa.</span> <span class='ocrx_word' id='word_1_276' title='bbox 1163 2373 1202 2407; x_wconf 87' lang='grc' dir='ltr'><em>Κ</em></span> <span class='ocrx_word' id='word_1_277' title='bbox 1227 2373 1350 2408; x_wconf 84' lang='lat' dir='ltr'>tenusa</span> <span class='ocrx_word' id='word_1_278' title='bbox 1378 2373 1488 2408; x_wconf 88' lang='lat' dir='ltr'><em>IIDB</em></span> <span class='ocrx_word' id='word_1_279' title='bbox 1512 2372 1700 2420; x_wconf 85' lang='lat' dir='ltr'>thenupha</span> <span class='ocrx_word' id='word_1_280' title='bbox 1722 2386 1751 2419; x_wconf 75' lang='grc' dir='ltr'><em>ς</em></span> 
     </span>
     <span class='ocr_line' id='line_1_31' title="bbox 226 2428 1747 2477; baseline 0.005 -16"><span class='ocrx_word' id='word_1_281' title='bbox 226 2428 344 2472; x_wconf 84' lang='lat' dir='ltr'>sonat]</span> <span class='ocrx_word' id='word_1_282' title='bbox 373 2428 458 2463; x_wconf 82' lang='lat' dir='ltr'>add.</span> <span class='ocrx_word' id='word_1_283' title='bbox 486 2440 526 2463; x_wconf 84' lang='lat' dir='ltr'>ex</span> <span class='ocrx_word' id='word_1_284' title='bbox 551 2440 621 2474; x_wconf 90' lang='lat' dir='ltr'>quo</span> <span class='ocrx_word' id='word_1_285' title='bbox 647 2430 893 2475; x_wconf 87' lang='lat' dir='ltr'>intellegimus</span> <span class='ocrx_word' id='word_1_286' title='bbox 912 2431 1067 2466; x_wconf 82' lang='lat' dir='ltr'><strong><em>KHDB</em></strong></span> <span class='ocrx_word' id='word_1_287' title='bbox 1091 2433 1152 2477; x_wconf 86' lang='lat' dir='ltr'>(cf.</span> <span class='ocrx_word' id='word_1_288' title='bbox 1182 2432 1246 2467; x_wconf 77' lang='lat' dir='ltr'>lin.</span> <span class='ocrx_word' id='word_1_289' title='bbox 1267 2433 1319 2476; x_wconf 87' lang='lat'>11)</span> <span class='ocrx_word' id='word_1_290' title='bbox 1383 2432 1427 2468; x_wconf 91' lang='lat'>10</span> <span class='ocrx_word' id='word_1_291' title='bbox 1451 2433 1641 2468; x_wconf 78' lang='lat' dir='ltr'>malachiel</span> <span class='ocrx_word' id='word_1_292' title='bbox 1665 2434 1747 2477; x_wconf 74' lang='lat' dir='ltr'>(alt.</span> 
     </span>
     <span class='ocr_line' id='line_1_32' title="bbox 225 2486 1743 2536; baseline 0.004 -16"><span class='ocrx_word' id='word_1_293' title='bbox 225 2487 237 2520; x_wconf 91' lang='lat' dir='ltr'>l</span> <span class='ocrx_word' id='word_1_294' title='bbox 262 2486 371 2528; x_wconf 78' lang='lat' dir='ltr'>eras.)</span> <span class='ocrx_word' id='word_1_295' title='bbox 396 2486 440 2520; x_wconf 92' lang='lat' dir='ltr'><strong><em>K</em></strong></span> <span class='ocrx_word' id='word_1_296' title='bbox 546 2488 755 2522; x_wconf 86' lang='lat' dir='ltr'>custodiunt</span> <span class='ocrx_word' id='word_1_297' title='bbox 779 2489 934 2524; x_wconf 88' lang='lat' dir='ltr'><strong><em>KIIDB</em></strong></span> <span class='ocrx_word' id='word_1_298' title='bbox 1031 2490 1071 2523; x_wconf 91' lang='lat'>11</span> <span class='ocrx_word' id='word_1_299' title='bbox 1100 2490 1288 2534; x_wconf 86' lang='lat' dir='ltr'>requirunt</span> <span class='ocrx_word' id='word_1_300' title='bbox 1314 2490 1389 2525; x_wconf 84' lang='grc' dir='ltr'>ΠΙ)</span> <span class='ocrx_word' id='word_1_301' title='bbox 1414 2491 1599 2536; x_wconf 86' lang='lat' dir='ltr'>exquirent</span> <span class='ocrx_word' id='word_1_302' title='bbox 1623 2491 1666 2526; x_wconf 90' lang='lat' dir='ltr'><strong><em>K</em></strong></span> <span class='ocrx_word' id='word_1_303' title='bbox 1687 2502 1743 2526; x_wconf 87' lang='lat' dir='ltr'>ex-</span> 
     </span>
     <span class='ocr_line' id='line_1_33' title="bbox 226 2545 1753 2595; baseline 0.005 -17"><span class='ocrx_word' id='word_1_304' title='bbox 226 2545 372 2589; x_wconf 85' lang='lat' dir='ltr'>quirunt</span> <span class='ocrx_word' id='word_1_305' title='bbox 391 2545 427 2578; x_wconf 89' lang='lat' dir='ltr'><strong><em>B</em></strong></span> <span class='ocrx_word' id='word_1_306' title='bbox 516 2557 576 2590; x_wconf 76' lang='lat' dir='ltr'>pr.</span> <span class='ocrx_word' id='word_1_307' title='bbox 604 2546 659 2591; x_wconf 86' lang='lat' dir='ltr'>ex]</span> <span class='ocrx_word' id='word_1_308' title='bbox 688 2546 731 2582; x_wconf 91' lang='lat' dir='ltr'>de</span> <span class='ocrx_word' id='word_1_309' title='bbox 750 2547 786 2581; x_wconf 90' lang='lat' dir='ltr'><em>B</em></span> <span class='ocrx_word' id='word_1_310' title='bbox 883 2559 922 2582; x_wconf 84' lang='lat' dir='ltr'>ex</span> <span class='ocrx_word' id='word_1_311' title='bbox 948 2559 1016 2593; x_wconf 89' lang='lat' dir='ltr'>quo</span> <span class='ocrx_word' id='word_1_312' title='bbox 1043 2549 1109 2583; x_wconf 85' lang='lat' dir='ltr'>int.</span> <span class='ocrx_word' id='word_1_313' title='bbox 1135 2559 1162 2583; x_wconf 82' lang='lat' dir='ltr'>s.</span> <span class='ocrx_word' id='word_1_314' title='bbox 1184 2549 1207 2583; x_wconf 81' lang='lat' dir='ltr'>l.</span> <span class='ocrx_word' id='word_1_315' title='bbox 1231 2551 1288 2583; x_wconf 79' lang='lat' dir='ltr'>ml</span> <span class='ocrx_word' id='word_1_316' title='bbox 1306 2548 1355 2593; x_wconf 83' lang='lat' dir='ltr'>K,</span> <span class='ocrx_word' id='word_1_317' title='bbox 1382 2548 1450 2584; x_wconf 80' lang='lat' dir='ltr'>del.</span> <span class='ocrx_word' id='word_1_318' title='bbox 1475 2552 1538 2584; x_wconf 80' lang='lat' dir='ltr'>m2</span> <span class='ocrx_word' id='word_1_319' title='bbox 1554 2550 1602 2595; x_wconf 89' lang='lat' dir='ltr'>B,</span> <span class='ocrx_word' id='word_1_320' title='bbox 1622 2560 1688 2585; x_wconf 87' lang='lat' dir='ltr'>om.</span> <span class='ocrx_word' id='word_1_321' title='bbox 1711 2550 1753 2585; x_wconf 85' lang='lat' dir='ltr'>II</span> 
     </span>
     <span class='ocr_line' id='line_1_34' title="bbox 226 2604 1744 2655; baseline 0.004 -17"><span class='ocrx_word' id='word_1_322' title='bbox 226 2604 336 2648; x_wconf 78' lang='lat' dir='ltr'>(inter</span> <span class='ocrx_word' id='word_1_323' title='bbox 361 2615 401 2638; x_wconf 85' lang='lat' dir='ltr'>ex</span> <span class='ocrx_word' id='word_1_324' title='bbox 427 2609 460 2639; x_wconf 81' lang='lat' dir='ltr'>et</span> <span class='ocrx_word' id='word_1_325' title='bbox 487 2615 555 2649; x_wconf 94' lang='lat' dir='ltr'>quo</span> <span class='ocrx_word' id='word_1_326' title='bbox 581 2615 655 2641; x_wconf 76' lang='grc' dir='ltr'><em>ναε.</em></span> <span class='ocrx_word' id='word_1_327' title='bbox 685 2609 708 2639; x_wconf 81' lang='lat'><em>3</em></span> <span class='ocrx_word' id='word_1_328' title='bbox 734 2605 803 2640; x_wconf 78' lang='lat' dir='ltr'>litt.</span> <span class='ocrx_word' id='word_1_329' title='bbox 829 2606 871 2641; x_wconf 77' lang='lat' dir='ltr'>in</span> <span class='ocrx_word' id='word_1_330' title='bbox 900 2608 943 2650; x_wconf 90' lang='grc' dir='ltr'>Φ)</span> <span class='ocrx_word' id='word_1_331' title='bbox 1044 2608 1087 2642; x_wconf 86' lang='grc'>12</span> <span class='ocrx_word' id='word_1_332' title='bbox 1111 2608 1343 2653; x_wconf 86' lang='lat' dir='ltr'>praecipuum</span> <span class='ocrx_word' id='word_1_333' title='bbox 1367 2608 1446 2644; x_wconf 89' lang='lat' dir='ltr'>HR</span> <span class='ocrx_word' id='word_1_334' title='bbox 1542 2609 1626 2654; x_wconf 87' lang='lat' dir='ltr'>que]</span> <span class='ocrx_word' id='word_1_335' title='bbox 1653 2619 1744 2655; x_wconf 84' lang='lat' dir='ltr'>quae</span> 
     </span>
     <span class='ocr_line' id='line_1_35' title="bbox 225 2663 1745 2713; baseline 0.004 -16"><span class='ocrx_word' id='word_1_336' title='bbox 225 2663 412 2698; x_wconf 63' lang='grc' dir='ltr'>Κατ-,ΗΕ</span> <span class='ocrx_word' id='word_1_337' title='bbox 487 2664 528 2699; x_wconf 85' lang='grc'>13</span> <span class='ocrx_word' id='word_1_338' title='bbox 556 2666 592 2699; x_wconf 93' lang='lat' dir='ltr'>et</span> <span class='ocrx_word' id='word_1_339' title='bbox 617 2675 683 2699; x_wconf 85' lang='lat' dir='ltr'>om.</span> <span class='ocrx_word' id='word_1_340' title='bbox 713 2666 746 2699; x_wconf 90' lang='grc' dir='ltr'><em>Φ</em></span> <span class='ocrx_word' id='word_1_341' title='bbox 841 2665 1126 2700; x_wconf 86' lang='lat' dir='ltr'>additamentum</span> <span class='ocrx_word' id='word_1_342' title='bbox 1150 2666 1190 2700; x_wconf 91' lang='lat' dir='ltr'><strong><em>D</em></strong></span> <span class='ocrx_word' id='word_1_343' title='bbox 1285 2667 1483 2712; x_wconf 79' lang='lat' dir='ltr'>spiritualis</span> <span class='ocrx_word' id='word_1_344' title='bbox 1507 2667 1544 2701; x_wconf 92' lang='lat' dir='ltr'><em>B</em></span> <span class='ocrx_word' id='word_1_345' title='bbox 1617 2668 1661 2702; x_wconf 88' lang='grc'>15</span> <span class='ocrx_word' id='word_1_346' title='bbox 1686 2679 1745 2713; x_wconf 83' lang='lat' dir='ltr'>op.</span> 
     </span>
     <span class='ocr_line' id='line_1_36' title="bbox 225 2721 1746 2772; baseline 0.004 -17"><span class='ocrx_word' id='word_1_347' title='bbox 225 2721 306 2755; x_wconf 85' lang='lat' dir='ltr'>hab.</span> <span class='ocrx_word' id='word_1_348' title='bbox 333 2722 372 2756; x_wconf 91' lang='lat' dir='ltr'>Il</span> <span class='ocrx_word' id='word_1_349' title='bbox 473 2722 609 2757; x_wconf 87' lang='lat' dir='ltr'>habens</span> <span class='ocrx_word' id='word_1_350' title='bbox 634 2723 670 2757; x_wconf 89' lang='lat' dir='ltr'><em>B</em></span> <span class='ocrx_word' id='word_1_351' title='bbox 770 2725 810 2758; x_wconf 89' lang='grc'>16</span> <span class='ocrx_word' id='word_1_352' title='bbox 838 2725 891 2769; x_wconf 87' lang='lat' dir='ltr'>ut]</span> <span class='ocrx_word' id='word_1_353' title='bbox 919 2724 965 2759; x_wconf 86' lang='lat' dir='ltr'>ad</span> <span class='ocrx_word' id='word_1_354' title='bbox 989 2724 1031 2759; x_wconf 87' lang='lat' dir='ltr'><strong><em>K</em></strong></span> <span class='ocrx_word' id='word_1_355' title='bbox 1055 2727 1091 2759; x_wconf 85' lang='lat' dir='ltr'>et</span> <span class='ocrx_word' id='word_1_356' title='bbox 1119 2726 1151 2759; x_wconf 90' lang='grc' dir='ltr'><em>Φ</em></span> <span class='ocrx_word' id='word_1_357' title='bbox 1258 2736 1364 2771; x_wconf 90' lang='lat' dir='ltr'>opere</span> <span class='ocrx_word' id='word_1_358' title='bbox 1393 2727 1426 2760; x_wconf 88' lang='grc' dir='ltr'><em>Φ</em></span> <span class='ocrx_word' id='word_1_359' title='bbox 1532 2725 1621 2772; x_wconf 83' lang='lat' dir='ltr'>eius]</span> <span class='ocrx_word' id='word_1_360' title='bbox 1648 2726 1681 2761; x_wconf 87' lang='lat' dir='ltr'>ei</span> <span class='ocrx_word' id='word_1_361' title='bbox 1703 2725 1746 2761; x_wconf 90' lang='lat' dir='ltr'><em>D</em></span> 
     </span>
     <span class='ocr_line' id='line_1_37' title="bbox 227 2780 1743 2830; baseline 0.005 -18"><span class='ocrx_word' id='word_1_362' title='bbox 227 2780 269 2813; x_wconf 86' lang='lat'>17</span> <span class='ocrx_word' id='word_1_363' title='bbox 297 2782 380 2814; x_wconf 86' lang='lat' dir='ltr'>sunt</span> <span class='ocrx_word' id='word_1_364' title='bbox 406 2780 481 2815; x_wconf 80' lang='grc' dir='ltr'>ΠΒ</span> <span class='ocrx_word' id='word_1_365' title='bbox 625 2782 668 2816; x_wconf 85' lang='grc'>18</span> <span class='ocrx_word' id='word_1_366' title='bbox 701 2782 804 2817; x_wconf 83' lang='lat' dir='ltr'>alteri</span> <span class='ocrx_word' id='word_1_367' title='bbox 833 2783 954 2827; x_wconf 76' lang='lat' dir='ltr'>11a.c.‚·</span> <span class='ocrx_word' id='word_1_368' title='bbox 986 2783 1071 2818; x_wconf 83' lang='lat' dir='ltr'>add.</span> <span class='ocrx_word' id='word_1_369' title='bbox 1099 2786 1135 2819; x_wconf 84' lang='lat' dir='ltr'>et</span> <span class='ocrx_word' id='word_1_370' title='bbox 1168 2785 1206 2818; x_wconf 89' lang='lat' dir='ltr'>II</span> <span class='ocrx_word' id='word_1_371' title='bbox 1234 2788 1270 2818; x_wconf 87' lang='lat' dir='ltr'>et</span> <span class='ocrx_word' id='word_1_372' title='bbox 1301 2795 1391 2830; x_wconf 79' lang='lat' dir='ltr'>quae</span> <span class='ocrx_word' id='word_1_373' title='bbox 1416 2785 1503 2828; x_wconf 89' lang='lat' dir='ltr'>D‚B</span> <span class='ocrx_word' id='word_1_374' title='bbox 1533 2786 1640 2830; x_wconf 81' lang='lat' dir='ltr'>(quae</span> <span class='ocrx_word' id='word_1_375' title='bbox 1664 2786 1743 2828; x_wconf 49' lang='grc' dir='ltr'>πά)</span> 
     </span>
     <span class='ocr_line' id='line_1_38' title="bbox 228 2836 621 2881; baseline 0.01 -11"><span class='ocrx_word' id='word_1_376' title='bbox 228 2838 269 2871; x_wconf 81' lang='grc'>19</span> <span class='ocrx_word' id='word_1_377' title='bbox 297 2836 352 2881; x_wconf 87' lang='lat' dir='ltr'>de]</span> <span class='ocrx_word' id='word_1_378' title='bbox 381 2841 416 2872; x_wconf 85' lang='lat' dir='ltr'>et</span> <span class='ocrx_word' id='word_1_379' title='bbox 442 2838 484 2872; x_wconf 85' lang='lat' dir='ltr'>de</span> <span class='ocrx_word' id='word_1_380' title='bbox 512 2840 621 2874; x_wconf 87' lang='lat' dir='ltr'><em>IIDB</em></span> 
     </span>
    </p>
   </div>
   <div class='ocr_carea' id='block_1_7' title="bbox 1819 1176 1884 3254">
    <p class='ocr_par' dir='ltr' id='par_1_7' title="bbox 1819 1176 1884 3254">
     <span class='ocr_line' id='line_1_39' title="bbox 1819 1176 1884 3254; baseline 0 0"><span class='ocrx_word' id='word_1_381' title='bbox 1819 1176 1884 3254; x_wconf 95' lang='lat' dir='ltr'> </span> 
     </span>
    </p>
   </div>
  </div>
 </body>
</html>
