1884 3254
198 216 284 258 296
741 210 894 246 Sancti
918 210 1172 255 Hieronymi

199 344 352 394 menta,
381 354 486 396 quae
511 340 682 395 pateris:
709 341 867 393 patrem
896 350 988 380 esse
1014 337 1180 391 spiritu,
1206 336 1435 378 nutricium
1460 337 1647 388 caritate,
1674 341 1717 380 et

199 413 408 456 interdum
440 411 596 453 dicere:
629 411 798 464 pereat
830 408 936 450 dies
969 406 1073 457 illa,
1105 407 1153 448 in
1191 419 1286 461 qua
1322 409 1468 449 natus
1501 421 1622 458 sum,
1655 412 1712 451 et:

199 484 292 526 heu
312 481 446 531 mihi,
467 482 634 530 mater,
656 481 709 520 ut
734 477 851 531 quid
871 490 943 519 me
965 476 1191 532 genuisti
1216 477 1392 528 uirum,
1414 478 1497 531 qui
1522 478 1717 522 iudicer

201 556 250 596 et
270 553 522 594 discernar
548 549 677 592 omni
701 549 891 590 terrae?
909 547 984 589 sed
1010 549 1053 588 et
1076 546 1202 589 illud:
1221 547 1389 590 iustus
1417 561 1481 600 es,
1503 548 1715 602 domine,

200 624 540 665 uerumtamen
579 619 768 661 iudicia
804 619 980 672 loquar
1011 617 1068 659 ad
1100 619 1167 660 te:
1202 618 1320 672 quid
1352 621 1442 670 est,
1475 620 1605 672 quod
1637 620 1718 663 uia
1760 635 1778 664 5

201 693 518 747 peccatorum
549 690 901 743 prosperatur?
935 690 994 730 et:
1028 681 1123 730 mei
1153 701 1310 742 paene
1341 689 1464 732 moti
1496 693 1614 732 sunt
1639 704 1718 744 pe-

203 763 285 804 des
319 773 487 815 pacem
517 761 835 814 peccatorum
867 758 1044 801 uidens
1077 761 1124 801 et
1156 758 1274 801 dixi:
1302 760 1546 814 quomodo
1573 773 1718 816 agno-

201 833 278 875 uit
310 832 428 874 deus
471 832 520 873 et
557 831 599 873 si
631 832 709 872 est
739 830 957 873 scientia
986 830 1033 872 in
1067 830 1294 872 excelso?
1325 843 1438 873 ecce
1474 831 1564 873 isti
1602 845 1714 886 pec-

204 905 397 946 catores
425 904 472 944 et
497 900 806 943 abundantes
832 900 880 942 in
907 901 1110 943 saeculo
1137 900 1467 943 obtinuerunt
1493 902 1718 946 diuitias.

204 973 277 1016 sed
308 985 473 1015 rursum
505 971 613 1013 illud
645 971 842 1014 occurrit:
875 971 915 1013 si
945 983 1214 1014 narrauero
1248 972 1334 1023 sio,
1367 984 1480 1014 eece
1513 985 1716 1028 genera·
1743 987 1780 1016 ιο

202 1044 386 1086 tionem
424 1043 647 1085 filiorum
685 1044 884 1084 tuorum
927 1042 1314 1096 praeuaricatus
1354 1055 1474 1085 sum.
1514 1044 1722 1098 numquid

204 1117 246 1156 et
275 1115 316 1155 in
348 1126 484 1155 meam
514 1115 698 1155 mentem
729 1124 810 1155 non
840 1112 911 1155 hie
943 1112 1112 1167 saepius
1148 1113 1304 1156 fluctus
1342 1113 1561 1156 inliditur?
1594 1127 1721 1168 quare

204 1197 322 1227 senes
371 1184 474 1238 inpii
517 1183 675 1226 saeculi
719 1183 880 1226 diuitiis
922 1183 1222 1237 perfruuntur?
1267 1196 1393 1238 quare
1437 1183 1723 1228 adulescentia

202 1254 318 1296 rudis
363 1262 406 1296 et
447 1254 536 1296 sine
579 1255 752 1308 peceato
790 1254 971 1307 pueritia
1011 1254 1221 1296 inmaturo
1252 1254 1353 1296 flore
1391 1255 1583 1297 exuitur?
1621 1255 1724 1310 quid

205 1338 354 1367 causae
398 1326 476 1377 est,
513 1327 562 1366 ut
604 1337 729 1378 saepe
772 1324 946 1367 bimuli*
975 1325 1224 1379 trimulique
1274 1328 1317 1368 et
1356 1325 1494 1367 vubera
1535 1328 1723 1370 materna
1749 1340 1784 1371 1⁶

202 1396 406 1438 laetantes
439 1395 657 1438 daemonio
690 1395 978 1450 corripiantur,
1007 1396 1249 1450 repleantur
1276 1395 1406 1450 lepra,
1431 1396 1576 1439 morbo
1607 1398 1723 1453 regio

205 1467 454 1509 deuorentur
479 1469 522 1508 et
547 1478 568 1508 e
595 1466 799 1508 contrario
826 1465 943 1520 inpii,
977 1466 1170 1519 adulteri,
1195 1466 1431 1509 homicidae
1457 1479 1505 1509 ac
1530 1467 1726 1524 sacrilegi

203 1536 348 1591 uegeti
389 1538 514 1590 atque
558 1536 696 1578 securi
739 1536 791 1578 de
829 1548 910 1591 sua¹
941 1536 984 1579 in
1029 1537 1155 1579 deum
1199 1537 1378 1579 sanitate
1420 1537 1724 1596 blasphement,

205 1607 450 1662 praesertim
488 1619 584 1649 cum
626 1606 835 1649 iniustitia
872 1607 1007 1661 vpatris
1051 1620 1132 1650 non
1174 1607 1381 1650 redundet
1417 1608 1469 1650 ad
1505 1607 1639 1650 filium
1684 1611 1727 1653 et

208 1678 358 1729 anima,
397 1690 502 1732 quae
544 1677 796 1732 peccauerit,
833 1678 927 1732 ipsa
963 1678 1193 1737 moriatur?
1238 1681 1311 1721 aut
1348 1678 1385 1720 si
1420 1682 1563 1722 manet
1598 1682 1726 1724 uetus
1748 1694 1786 1724 zo

206 1748 281 1789 illa
311 1748 531 1799 sententia,
563 1749 737 1802 peccata
766 1750 934 1802 patrum
971 1748 1013 1790 in
1052 1748 1162 1791 filios
1201 1751 1392 1803 oportere
1428 1749 1617 1801 restitui,
1649 1750 1727 1792 ini-

325 1889 346 1923 2
374 1888 495 1923 *Hier.
521 1888 578 1929 20,
608 1888 651 1923 14
722 1888 744 1923 3
771 1888 891 1924 *Hien
921 1888 975 1933 15,
1002 1888 1046 1923 10
1119 1888 1143 1923 4
1169 1888 1290 1923 *Hier.
1318 1889 1374 1930 12,
1403 1889 1419 1923 1
1513 1889 1535 1923 6
1562 1888 1643 1924 ⁸Ps.
1670 1889 1726 1930 72,

207 1948 300 1983 2—3
385 1949 404 1983 7
433 1948 514 1984 *Ps.
541 1948 599 1989 72,
627 1948 764 1983 11—12
851 1948 895 1983 10
921 1948 999 1984 *Ps.
1028 1948 1085 1994 72,
1113 1948 1156 1984 15
1241 1948 1288 1984 20
1315 1947 1359 1984 cf.
1385 1947 1511 1983 Ezech.
1541 1947 1595 1990 18,
1620 1948 1655 1982 4.
1682 1947 1727 1983 20

208 2006 250 2042 21
280 2006 322 2042 cf.
348 2006 412 2042 Ex.
440 2007 495 2051 34,
523 2007 543 2041 7

258 2091 274 2125 1
302 2101 423 2135 parem
448 2090 484 2124 B
579 2090 743 2136 spiritum
770 2090 809 2125 D
903 2090 1079 2125 nutritum
1103 2089 1144 2125 D
1263 2092 1300 2125 et
1323 2100 1392 2127 om.
1417 2089 1731 2125 Ka.c.m22'.'a.c.ff¹

210 2151 249 2184 at
271 2161 295 2194 g
348 2149 370 2183 2
394 2149 575 2184 interdum
602 2149 719 2184 dicere
743 2160 772 2185 s.
799 2149 822 2184 Ζ.
846 2148 955 2185 m2K
974 2148 1188 2184 interdicere
1213 2148 1250 2183 B
1327 2150 1365 2184 et
1388 2150 1513 2194 pereat
1542 2148 1580 2183 P
1636 2149 1658 2183 3
1684 2159 1728 2183 eu

215 2206 359 2243 Ga.c.D
382 2207 442 2242 hei
465 2219 490 2252 ς
601 2207 704 2252 mihi]
731 2207 781 2242 mi
809 2207 844 2243 G
980 2218 1062 2253 gen.
1088 2217 1145 2242 me
1163 2218 1189 2252 ς
1299 2207 1373 2254 iud.
1400 2209 1438 2242 et
1463 2207 1566 2253 dise]
1593 2206 1730 2242 diceret

211 2266 275 2311 (·it
297 2266 349 2310 D)
376 2266 564 2302 discrimen
591 2266 659 2301 ΣΙ)
683 2266 820 2302 dicerer
845 2265 1035 2302 discrimen
1059 2277 1085 2311 g
1196 2267 1219 2301 4
1245 2266 1309 2301 sed
1334 2277 1401 2302 om.
1428 2266 1496 2301 ΣΒ
1609 2267 1631 2301 5
1655 2266 1728 2301 ind.

210 2327 275 2359 tua
298 2325 335 2359 B
418 2326 497 2360 uiae
523 2326 591 2361 ΣΒ
662 2326 684 2360 6
709 2326 897 2371 impiorum
924 2326 956 2361 Σ
1028 2328 1286 2371 prosperantur
1308 2326 1348 2361 D
1371 2325 1677 2372 prosperabuntur
1700 2325 1733 2360 Σ

211 2383 284 2418 mei
312 2383 389 2418 GK
410 2384 480 2418 mei
507 2395 647 2429 quoque
673 2389 736 2419 cet.
840 2385 962 2431 pedes]
990 2385 1076 2421 add.
1102 2395 1215 2430 paene
1240 2384 1344 2420 effusi
1369 2387 1454 2420 sunt
1477 2396 1621 2430 gressus
1645 2385 1728 2420 mei.

181 2462 184 2466 ι
213 2442 298 2487 quia
322 2442 437 2477 zelaui
461 2443 499 2477 in
524 2444 773 2488 peccatoribus
797 2455 821 2488 g
883 2445 902 2479 7
928 2443 1087 2490 uidentis
1112 2444 1188 2479 DB
1211 2443 1351 2479 uidenti
1375 2443 1408 2478 Σ
1483 2443 1634 2489 agnouit
1654 2442 1733 2478 GK

213 2501 283 2536 scit
313 2501 350 2536 Ψ
373 2502 545 2546 cognouit
569 2506 631 2537 cet.
705 2503 726 2537 8
753 2503 823 2548 ipsi
848 2502 917 2538 ΣΒ
1002 2503 1046 2539 10
1071 2502 1147 2549 sed]
1174 2504 1212 2538 et
1235 2503 1272 2538 Β
1366 2513 1488 2537 rursus
1512 2502 1552 2537 D
1646 2513 1728 2537 nar-

212 2559 299 2595 rabo
324 2559 360 2594 B
435 2561 476 2595 12
504 2571 610 2605 saepe
639 2561 673 2597 G
746 2563 790 2597 13
817 2562 889 2597 diu.
915 2573 1007 2598 saec.
1036 2562 1070 2597 G
1151 2562 1195 2597 14
1220 2562 1269 2608 et]
1297 2564 1334 2597 et
1359 2562 1438 2597 ainc
1465 2563 1506 2605 (8.
1535 2562 1558 2597 l.
1584 2561 1631 2596 dh
1656 2563 1728 2606 m2,

212 2619 334 2654 uoluit
359 2619 490 2663 adhuc)
521 2619 555 2655 G
651 2622 811 2656 exsuitur
838 2621 873 2657 G
896 2622 1089 2657 messuitur
1113 2621 1219 2657 ΣΒΒ
1243 2621 1392 2656 metitur
1415 2632 1439 2666 ς
1523 2621 1567 2656 16
1592 2620 1729 2655 lacten-

213 2679 270 2711 tes
296 2679 368 2722 (pr.
395 2688 413 2712 e
438 2678 480 2713 in
504 2689 579 2714 ras.
604 2681 678 2721 m2)
703 2680 756 2722 B;
784 2680 870 2716 add.
896 2691 917 2714 a
942 2679 1078 2725 Σρ.ο.1)
1152 2680 1194 2715 17
1221 2691 1262 2715 ac
1284 2679 1328 2722 G,
1353 2689 1422 2715 om.
1447 2683 1510 2715 cet.
1584 2679 1627 2714 18
1653 2689 1729 2714 san.

214 2736 251 2769 in
278 2735 382 2770 deum
407 2747 431 2780 g
573 2739 720 2772 sanitati
746 2737 785 2772 D
927 2739 1181 2785 blasphemant
1205 2738 1323 2773 ΚΨΒ
1468 2739 1510 2773 19
1536 2737 1597 2782 ad]
1629 2738 1666 2772 in
1694 2736 1730 2773 G

216 2793 261 2829 20
285 2795 457 2829 moriatur
485 2795 564 2830 GK
584 2797 756 2831 morietur
780 2801 841 2832 cet.

1871 2832 1884 2895 Mn„
1882 2807 1884 2813 Δ
