1884 3254
25 1030 61 1058 10

688 250 894 296 Epistula
919 249 966 284 LI
993 250 1012 285 6
1528 252 1609 293 407

89 382 212 424 fidem
259 380 489 432 adinuenit‚
529 381 596 422 dei
634 384 676 423 et
713 380 916 423 ecelesiae
954 380 1090 423 hostis
1130 379 1286 423 extitit!
1332 380 1439 422 inter
1477 379 1613 422 multa

86 453 195 495 enim
229 452 341 494 mala
371 451 634 494 etiam'illud
668 463 797 494 ausus
831 453 897 493 est
933 451 1085 503 dicere,
1117 450 1353 505 perdidisse
1384 450 1615 506 imaginem

88 524 154 566 dei
187 523 333 574 Adam,
360 534 455 564 eum
486 522 566 564 hoe
599 522 639 564 in
673 521 790 564 nullo
822 522 992 576 penitus
1024 522 1116 564 loeo
1149 521 1358 576 scriptura
1389 521 1614 578 significet.

88 595 123 636 si
151 593 259 636 enim
291 593 351 635 ita
382 594 508 643 esset,
541 604 771 646 numquam
805 592 955 643 omnia,
988 605 1094 647 quae
1126 593 1167 635 in
1200 592 1357 634 mundo
1390 594 1503 643 sunt,
1531 605 1615 635 ser-

88 665 224 707 uirent
255 663 406 706 semini
435 663 586 715 Adam,
610 663 654 705 id
681 667 746 705 est
771 663 969 706 uniuerso
997 663 1138 719 generi
1170 663 1402 715 hominum,
1435 663 1548 706 sieut
1572 666 1615 706 et

0 716 30 772 Β
87 736 264 778 Iacobus
291 735 511 789 apostolus
535 734 743 788 loquitur:
772 734 945 776 omnia
976 734 1259 777 domantur
1285 736 1336 776 et
1362 734 1614 776 subiecta

87 808 212 848 sunt
242 807 467 847 naturae
499 804 772 847 humanae.
801 816 1031 858 numquam
1058 805 1167 847 enim
1195 804 1396 847 uniuersa
1421 805 1615 847 subiecta

87 879 230 919 essent
267 875 524 926 hominibus,
565 875 600 917 si
639 888 719 917 non
765 875 968 917 haberent
1011 875 1202 918 homines
1246 875 1363 918 iuxta
1404 875 1462 928 id,
1501 875 1614 930 quod

87 946 296 989 uniuersis
340 947 561 1000 imperent,
599 947 828 1002 imaginem
874 946 952 988 dei.
998 946 1254 1002 coniungens
1299 948 1442 988 autem
1486 948 1613 1001 atque

85 1019 331 1060 consocians
365 1018 574 1072 scriptura
599 1017 743 1059 diuina
768 1017 947 1072 gratiam
977 1016 1299 1069 benedictionis,
1327 1030 1454 1072 quam
1479 1016 1612 1060 Adam

32 1119 35 1124 .
86 1089 328 1140 donauerat,
357 1090 399 1130 et
425 1088 779 1144 generationibus,
807 1101 913 1143 quae
946 1100 994 1130 ex
1027 1100 1075 1130 eo
1109 1090 1238 1138 erant,
1263 1101 1315 1130 ne
1341 1088 1414 1143 qui
1438 1087 1612 1130 forsitan

22 1383 61 1414 15

18 1738 58 1766 2⁰

86 1159 271 1215 maligna
301 1159 646 1213 interpretatione
679 1158 882 1201 auderent
907 1159 1044 1201 dicere
1070 1159 1143 1201 uni
1169 1159 1309 1201 datam
1341 1158 1520 1214 gratiam
1547 1158 1614 1200 dei

86 1233 128 1271 et
159 1229 280 1272 illum
315 1231 455 1272 solum
486 1229 646 1272 factum
679 1242 771 1271 esse
809 1229 862 1272 ad
898 1229 1125 1285 imaginem
1158 1229 1238 1280 dei,
1273 1229 1345 1284 qui
1377 1229 1613 1285 plasmatus

85 1302 199 1342 esset
229 1313 276 1342 ex
308 1300 453 1351 humo,
487 1302 528 1342 et
564 1312 736 1343 uxorem
775 1300 880 1350 eius,
920 1313 992 1343 eos
1030 1313 1146 1352 uero,
1186 1301 1258 1355 qui
1296 1300 1614 1355 conciperentur

86 1372 125 1412 in
158 1373 276 1413 utero
309 1373 352 1413 et
381 1383 463 1413 non
488 1371 550 1413 ita
575 1373 846 1414 nascerentur
876 1372 922 1413 ut
946 1371 1096 1423 Adam,
1124 1371 1192 1413 dei
1222 1385 1302 1414 non
1334 1372 1488 1414 habere
1511 1371 1614 1413 ima-

87 1442 241 1497 ginem,
275 1441 420 1484 statim
453 1454 527 1495 per
558 1441 746 1484 ordinem
778 1441 919 1496 iungit
951 1443 994 1484 et
1025 1441 1146 1485 dicit:
1186 1444 1237 1484 et
1274 1442 1417 1484 uixit
1452 1442 1613 1484 Adam

86 1525 247 1555 annos
282 1512 470 1555 CCXXX
502 1515 552 1554 et
591 1513 853 1568 cognouit
889 1513 1064 1564 Euam,
1104 1525 1320 1555 uxorem
1361 1525 1522 1563 suam,
1562 1515 1613 1554 et

84 1584 300 1637 peperit
331 1583 378 1625 ei
405 1583 588 1626 filium
613 1583 764 1626 iuxta
797 1583 1033 1639 speciem
1062 1585 1114 1625 et
1143 1584 1294 1625 iuxta
1323 1583 1613 1639 imaginem

84 1655 201 1696 eius
235 1657 286 1696 et
312 1655 540 1696 uocauit
571 1667 756 1697 nomen
789 1655 907 1697 eius
935 1654 1077 1697 Seth.
1103 1667 1357 1709 rursumque
1382 1654 1424 1696 in
1451 1653 1612 1696 decima

83 1726 350 1780 generatione
370 1727 467 1780 post
486 1738 616 1768 annos
636 1725 865 1769 HOCLXII
883 1725 1102 1768 uindicans
1124 1726 1227 1768 deus
1246 1725 1474 1782 imaginem
1493 1738 1612 1768 suam

82 1798 124 1837 et
156 1796 394 1847 ostendens,
428 1796 541 1849 quod
571 1796 719 1851 gratia,
753 1809 879 1850 quam
912 1796 1100 1838 dedisset
1130 1796 1387 1847 hominibus,
1420 1808 1613 1850 perseue-

82 1869 192 1908 raret
222 1867 263 1908 in
295 1867 371 1918 eis,
405 1867 483 1908 ait:
516 1879 575 1909 ne
610 1866 964 1909 comederitis
998 1879 1207 1921 earnem
1239 1866 1289 1908 in
1323 1866 1610 1921 sanguine:

82 1951 176 1992 ego
222 1938 355 1980 enim
403 1938 644 1981 ulciscar
689 1938 1004 1994 sanguinem
1050 1940 1298 1980 uestrum
1350 1937 1408 1979 de
1459 1950 1612 1979 manu

199 2101 221 2134 4
247 2099 290 2134 cf.
317 2100 405 2135 Gen.
434 2100 465 2143 1,
492 2100 536 2134 28
611 2101 632 2134 6
660 2099 753 2135 *Iac.
779 2100 812 2143 3,
839 2101 858 2134 7
948 2100 991 2134 13
1019 2098 1061 2134 cf.
1089 2098 1175 2134 Gen.
1204 2100 1235 2136 1.
1262 2100 1320 2134 27.
1346 2100 1379 2143 2,
1407 2099 1439 2133 7.
1467 2100 1608 2135 21-22

84 2160 124 2192 16
153 2158 264 2194 *Gen
292 2160 324 2201 5,
352 2159 385 2193 3.
412 2158 468 2194 *4.
498 2161 513 2193 1
590 2160 636 2194 22
664 2158 777 2194 *Gen.
801 2160 833 2200 9,
861 2160 956 2194 4-6
1411 2179 1413 2181 ν

129 2253 144 2287 1
175 2252 248 2298 dei]
277 2253 428 2298 denique
453 2264 478 2298 g
574 2253 698 2288 existit
721 2253 757 2287 B
830 2255 851 2287 5
878 2255 916 2288 et
940 2264 1008 2288 om.
1035 2252 1066 2288 S
1136 2253 1155 2287 7
1183 2252 1279 2287 hum.
1305 2254 1380 2288 nat.
1406 2265 1430 2297 g
1497 2253 1518 2288 8
1543 2253 1609 2288 ho-

11 2307 13 2309 ’
78 2313 206 2356 mines]
230 2312 384 2347 hominis
405 2311 443 2346 D
491 2313 512 2347 9
538 2312 760 2358 imperarent
775 2323 800 2356 g
851 2312 894 2348 10
921 2323 1112 2347 eonem-ans
1139 2312 1187 2355 (ci
1205 2323 1234 2348 s.
1256 2312 1278 2347 l.
1299 2314 1371 2355 ΜΞ)
1393 2312 1430 2346 Β
1481 2312 1521 2346 11
1544 2311 1609 2347 do-

77 2372 220 2407 nauerit
243 2371 318 2406 AD
468 2371 512 2406 12
537 2371 804 2417 grat.—hum0]
826 2371 970 2417 partim
994 2372 1035 2406 in
1060 2381 1196 2406 rasura
1215 2371 1357 2416 partim
1382 2371 1424 2406 in
1448 2371 1611 2417 marqine

79 2434 137 2466 m2
160 2431 196 2466 Β
318 2431 361 2466 13
388 2430 532 2466 et—dei
557 2441 626 2466 om.
652 2430 684 2466 S
705 2431 855 2476 (procul
879 2430 991 2466 dubio
1016 2430 1127 2466 etiam
1151 2430 1257 2475 Bml)
1378 2441 1457 2466 esse
1482 2441 1550 2466 om.
1576 2432 1611 2465 B

80 2489 155 2534 qui]
182 2489 266 2534 quia
292 2489 367 2524 AD
466 2490 510 2524 14
537 2501 614 2524 esse
640 2490 716 2525 AD
813 2501 853 2525 ex
880 2500 947 2525 om.
974 2488 1004 2524 S
1098 2490 1198 2525 uxori
1222 2489 1422 2525 Ba.c.m2S
1515 2490 1607 2534 eius]

78 2548 165 2582 add.
193 2559 298 2594 quam
325 2551 483 2584 creasset
509 2549 552 2584 de
579 2550 680 2584 costa
704 2549 774 2584 uiri
798 2561 822 2594 g
920 2550 964 2584 15
990 2561 1060 2584 non
1086 2560 1114 2585 s.
1141 2549 1166 2584 l.
1191 2552 1250 2584 m2
1275 2549 1311 2583 B
1406 2549 1558 2584 haberet
1584 2549 1614 2584 S

80 2608 123 2642 16
150 2607 251 2653 dicit]
277 2608 368 2644 dixit
392 2608 422 2644 S
482 2609 523 2644 17
552 2608 726 2644 ducentos
751 2609 904 2654 triginta
929 2620 1042 2644 annos
1066 2620 1091 2653 g
1164 2609 1266 2643 annis
1291 2609 1327 2642 A
1392 2609 1433 2643 19
1460 2607 1550 2642 sedh
1575 2610 1609 2643 A

77 2667 124 2701 20
153 2659 345 2702 HCCLxlI
370 2666 440 2702 AS
467 2666 536 2703 duo
562 2667 664 2702 milia
690 2666 850 2703 CCLXII
876 2668 965 2711 D,B
995 2667 1081 2710 (duo
1113 2667 1188 2702 mil.
1216 2667 1302 2702 add.
1329 2669 1401 2711 m2)
1429 2666 1485 2701 bis
1509 2666 1609 2702 mille

7 2732 15 2778 ζ
79 2725 252 2761 ducentos
279 2725 519 2772 quadraginta
545 2726 635 2761 duos
652 2738 677 2771 g
725 2727 767 2762 21
791 2727 946 2772 gratiam
966 2727 1042 2761 AD
1114 2728 1322 2772 perseueret
1340 2726 1376 2760 B
1425 2726 1470 2760 22
1491 2736 1557 2761 nec
1576 2728 1610 2761 A

79 2784 343 2820 eommederitis
367 2785 403 2820 A
429 2786 472 2830 (ri
499 2797 542 2821 ex
568 2797 604 2821 re
630 2788 701 2829 ΜΒ)
726 2785 764 2820 D
791 2787 956 2830 com(mm
972 2784 1133 2829 &edetis
1161 2785 1227 2820 RS
1328 2795 1406 2819 cum
1434 2785 1610 2831 sanguine

82 2842 118 2877 D
141 2844 177 2877 in
205 2844 415 2890 sanguinem
439 2856 464 2889 g

1653 382 1673 414 5

1653 1661 1671 1699 ,ᾸἹ
