1884 3254
293 245 377 287 160
835 241 988 276 Sancti
1013 239 1268 285 Hieronymi

291 369 452 424 quitate
485 368 722 419 confideret,
759 369 800 411 in
837 369 1048 411 inlicitum
1080 369 1258 411 Thamar
1296 368 1450 411 sororis
1487 370 1649 410 Amnon
1686 368 1814 411 frater

292 440 444 484 exarsit
474 439 730 482 incendium.

351 512 419 554 13.
455 510 579 565 Piget
615 509 765 560 dicere,
804 510 907 563 quot
944 508 1100 551 cotidie
1138 509 1323 564 uirgines
1369 511 1506 560 ruant,
1545 511 1722 562 quantas
1761 508 1813 552 de

292 593 368 623 suo
401 581 560 636 gremio
591 582 726 622 mater
755 579 903 634 perdat
928 578 1120 630 ecclesia4
1147 591 1275 633 super
1308 582 1412 632 quot
1444 579 1581 621 sidera
1607 579 1813 634 superbus

291 651 487 693 inimicus
519 653 648 704 ponat
677 650 874 692 thronum
909 661 1048 700 suum,
1076 652 1180 702 quot
1203 651 1344 703 petras
1377 652 1550 691 excauet
1580 651 1624 692 et
1652 649 1816 692 habitet
1855 663 1873 692 5

292 721 462 763 coluber
497 720 539 762 in
577 719 852 762 foraminibus
892 731 1046 763 earum.
1091 719 1239 762 uideas
1277 719 1499 774 plerasque
1538 720 1688 762 uiduas
1719 722 1815 763 ante

292 804 416 845 quam
460 792 616 845 nuptas
658 790 869 833 infelicem
914 790 1214 833 conscientiam
1258 791 1436 833 mentita
1482 792 1650 832 tantum
1692 793 1814 834 ueste

290 864 522 917 protegere,
543 873 647 915 quas
668 861 750 903 nisi
774 863 916 904 tumor
939 860 1049 903 uteri
1075 863 1117 903 et
1139 860 1345 904 infantum
1370 860 1603 915 prodiderit
1626 861 1814 917 uaginis,

292 935 430 976 erecta
479 932 641 975 ceruice
692 935 735 974 et
781 932 1027 975 ludentibus
1071 931 1250 986 pedibus
1294 931 1507 974 incedunt.
1558 932 1665 974 aliae
1713 945 1814 975 uero

293 1002 558 1045 sterilitatem
596 1002 846 1056 praebibunt
882 1003 925 1044 et
961 1001 1141 1044 necdum
1185 1002 1267 1044 sati
1310 1002 1493 1044 hominis
1537 1002 1814 1045 homicidium
1839 1013 1876 1044 ιο

294 1072 466 1115 faciunt.
506 1073 741 1123 nonnullae,
780 1084 875 1114 cum
920 1085 965 1114 se
1009 1071 1217 1114 senserint
1260 1073 1502 1127 concepisse
1547 1072 1598 1115 de
1642 1073 1814 1125 scelere,

292 1142 428 1186 aborti
451 1155 614 1184 uenena
637 1142 895 1185 meditantur
920 1144 963 1184 et
985 1142 1227 1196 frequenter
1246 1143 1373 1185 etiam
1393 1143 1509 1197 ipsae
1529 1145 1815 1186 commortuae

290 1212 420 1257 trium
457 1212 681 1255 criminum
716 1225 811 1255 reae
848 1213 900 1255 ad
936 1213 1093 1258 inferos
1130 1213 1429 1274 perducuntur,
1461 1213 1697 1256 homicidae
1734 1214 1815 1266 sui,

294 1283 448 1327 Christi
481 1275 708 1335 adulterae,
734 1283 915 1326 necdum
941 1284 1028 1327 nati
1061 1283 1138 1326 filii
1170 1284 1412 1338 parricidae.
1436 1284 1543 1326 istae
1569 1287 1682 1335 sunt,
1709 1296 1815 1340 quae

293 1355 430 1397 solent
461 1355 619 1397 dicere:
652 1355 840 1409 ‘omnia‘
864 1354 1044 1397 munda
1081 1354 1292 1397 mundis.
1326 1354 1487 1397 sufficit
1515 1354 1621 1397 mihi
1653 1355 1815 1398 consci-
1838 1366 1875 1396 ιο

292 1426 403 1468 entia
439 1438 545 1468 mea.
585 1438 655 1467 cor
690 1426 895 1468 mundum
933 1425 1145 1468 desiderat
1176 1425 1292 1468 deus.
1325 1437 1399 1468 cur
1430 1437 1496 1468 me
1529 1425 1761 1469 abstineam
1791 1435 1816 1469 a

412 1565 431 1599 1
460 1563 507 1600 ef.
530 1564 567 1599 11
590 1564 680 1609 neg.
707 1574 735 1599 c.
765 1564 807 1599 13
870 1553 927 1599 v15
952 1563 1023 1599 Tit.
1053 1564 1085 1608 1,
1114 1564 1160 1599 15

341 1645 358 1680 1
385 1646 422 1680 in
448 1655 516 1681 om.
541 1645 595 1680 Dc
691 1645 830 1680 inlicito
855 1647 938 1689 (om.
965 1645 1017 1688 in)
1041 1656 1065 1690 g
1150 1657 1219 1681 sor.
1245 1645 1355 1681 tham.
1383 1649 1397 1680 t
1479 1647 1597 1680 tamar
1620 1646 1656 1681 B
1741 1656 1816 1681 am-

291 1713 363 1738 non
388 1706 402 1738 t
424 1703 478 1740 vlt.
504 1714 623 1737 annon
647 1703 781 1748 D‚tm9.
808 1713 947 1737 ammon
980 1704 1011 1737 Φ
1036 1703 1181 1738 amonk
1254 1703 1366 1738 frater
1390 1714 1458 1739 om.
1479 1703 1511 1738 Σ
1561 1704 1582 1738 2
1608 1702 1772 1738 incendio
1791 1714 1816 1748 g
1854 1737 1857 1740 ,

291 1762 312 1797 3
338 1762 452 1807 piget]
478 1761 592 1806 pudet
616 1765 630 1796 t
702 1761 798 1808 quod
822 1761 956 1796 ΚΒΦι
1028 1762 1134 1807 uirg.]
1161 1762 1246 1798 add.
1275 1762 1341 1797 deo
1367 1765 1527 1797 sacratae
1552 1762 1575 1797 k
1646 1764 1755 1796 ruunt
1783 1762 1816 1796 Φ

292 1821 438 1855 seruant
466 1819 550 1863 ἘΒ
576 1820 696 1864 (corr.)
770 1823 894 1866 quant.
920 1823 1042 1855 tamen
1068 1820 1104 1854 Β
1176 1821 1199 1855 4
1224 1832 1302 1866 sup.
1335 1823 1423 1866 quot
1454 1819 1564 1867 (quod
1589 1819 1658 1864 Kt)
1684 1819 1815 1871 ΚΨεΒ

290 1881 437 1924 propter
462 1878 558 1924 quod
583 1890 662 1924 sup.
687 1880 719 1913 Φ
742 1890 820 1924 sup.
848 1890 938 1924 quae
959 1879 1050 1914 2*ch
1123 1880 1169 1914 in.
1197 1890 1273 1926 sup.
1298 1891 1324 1924 ς
1372 1880 1392 1914 5
1413 1881 1502 1926 quot
1520 1879 1696 1924 ZpaefflB
1720 1877 1815 1924 qnod

290 1941 354 1973 cet.
428 1938 478 1983 et]
506 1939 547 1973 ut
572 1938 627 1981 (in
651 1949 725 1973 ras.
750 1940 826 1981 m2)
847 1938 893 1982 B,
915 1948 982 1972 om.
1002 1938 1025 1973 k
1074 1938 1094 1973 6
1115 1937 1260 1973 coluber
1285 1949 1354 1973 om.
1373 1938 1417 1973 K
1487 1949 1607 1973 eorum
1634 1938 1755 1983 (corr.)
1781 1937 1818 1972 ¹1¹

291 2007 412 2031 earum
439 1998 476 2031 et
500 1997 523 2031 lc
642 1997 729 2041 pler.
755 1996 880 2032 uideas
905 1996 928 2032 k
1041 1996 1182 2042 uiduas]
1209 2008 1276 2032 om.
1301 1998 1367 2037 att„
1392 1997 1434 2031 in
1457 2008 1524 2042 my.
1549 1999 1682 2032 matres
1706 1997 1769 2031 ΜΒ
1792 1997 1815 2031 k

291 2057 374 2089 ante
400 2055 520 2100 quam]
547 2055 634 2091 add.
659 2055 803 2090 habitet
827 2055 928 2101 (del.)
953 2056 977 2091 k
1103 2057 1123 2090 7
1149 2057 1322 2091 mentitas
1349 2056 1453 2098 ZDJc
1477 2056 1624 2100 (mentis
1649 2057 1736 2100 m2),
1763 2055 1814 2090 tB
1878 2091 1881 2094 ,

292 2116 393 2149 ueste
418 2113 519 2150 fusca.
543 2114 602 2149 ch
673 2115 696 2149 8
722 2117 909 2160 pertegere
938 2115 970 2149 Φ
1066 2115 1167 2160 quas]
1195 2115 1298 2160 quasi
1317 2115 1412 2155 Κ,Ψ
1434 2116 1570 2158 (com),
1595 2115 1631 2148 B
1726 2124 1813 2149 uen-

290 2173 356 2207 tris
381 2173 426 2207 H
517 2174 710 2208 infantium
728 2174 805 2208 ΗΒ
900 2185 983 2219 uag.
1010 2174 1109 2220 prod.
1129 2174 1175 2209 H
1267 2174 1466 2219 perdiderit
1487 2175 1520 2208 Φ
1590 2175 1612 2209 9
1637 2176 1755 2209 erecte
1772 2172 1817 2208 H

291 2233 432 2266 sanctas
464 2234 501 2268 et
531 2235 648 2267 castas
679 2244 717 2267 se
749 2243 826 2267 esse
859 2233 1060 2278 gloriantur
1092 2233 1311 2278 (glorificant
1339 2234 1416 2277 ΜΒ)
1449 2234 1486 2268 et
1516 2235 1634 2268 erecta
1658 2233 1682 2267 le
1776 2236 1814 2268 et

289 2300 359 2325 om.
383 2291 429 2324 H
542 2291 741 2326 incendunt
767 2295 780 2326 t
899 2292 961 2326 alii
986 2291 1031 2326 H
1126 2293 1168 2328 10
1194 2292 1395 2327 sterelitate
1420 2292 1443 2327 k
1549 2291 1768 2338 praebibunt
1788 2302 1814 2336 ς

290 2348 515 2394 praebebunt
547 2349 633 2384 KH
665 2350 862 2395 prohibunt
894 2355 908 2386 t
943 2350 1120 2396 praebent
1150 2351 1258 2386 ΣΒΨ
1291 2351 1506 2396 praehibent
1535 2351 1560 2386 k
1595 2350 1813 2396 pertendunt
1866 2355 1871 2358 ’

289 2406 362 2452 (pr.
390 2410 406 2441 t
430 2418 473 2443 ex
499 2408 535 2450 d)
566 2410 598 2442 Φ
622 2408 753 2443 bibunt
776 2409 812 2443 B
919 2409 1003 2454 sati]
1031 2411 1120 2445 satis
1144 2411 1208 2444 mB
1232 2410 1264 2444 Σ
1285 2410 1410 2445 statim
1441 2411 1473 2444 Φ
1497 2410 1575 2444 nati
1599 2410 1636 2444 B
1746 2409 1810 2444 ho·
1875 2407 1880 2414 '

289 2465 403 2500 mines
421 2466 511 2511 H,B
536 2468 658 2511 (corr.)
710 2468 750 2502 11
779 2467 950 2502 nonnulla
969 2467 1014 2502 H
1084 2479 1160 2503 cum
1189 2468 1434 2504 consenserint
1453 2470 1532 2513 (con
1552 2470 1660 2512 eras.)
1678 2469 1711 2503 Σ
1733 2478 1811 2503 cum

290 2524 468 2559 senserint
491 2525 543 2559 tB
568 2525 812 2559 consenserint
836 2525 937 2569 (add.
966 2537 1003 2559 se
1029 2525 1086 2569 H)
1111 2526 1191 2560 HD
1299 2526 1436 2572 cepisse
1460 2526 1506 2561 H
1609 2525 1653 2560 de
1677 2525 1811 2561 scelere

289 2594 356 2618 om.
382 2587 397 2618 t
493 2584 617 2619 sceleri
643 2584 682 2618 D
779 2584 822 2619 12
848 2585 980 2619 auortii
1005 2585 1028 2619 k
1053 2585 1219 2628 (abortiis
1245 2587 1334 2630 m2),
1361 2590 1374 2620 t
1399 2585 1533 2620 auorcii
1557 2585 1594 2620 Β
1619 2595 1746 2620 auerso
1772 2584 1815 2619 H

290 2642 421 2678 abortii
444 2653 469 2687 ς
586 2642 811 2678 medicantur
837 2643 876 2677 H
990 2643 1089 2688 ipsae
1115 2655 1181 2681 om.
1208 2644 1252 2678 H
1362 2655 1441 2679 cum
1466 2645 1629 2679 mortuae
1654 2643 1808 2689 Hsppss.
1877 2674 1882 2681 .

287 2703 450 2736 mortuae
476 2702 597 2747 (corr.)
625 2701 657 2736 Σ
735 2702 778 2736 13
804 2703 898 2746 reae]
926 2713 985 2736 rae
1016 2703 1048 2736 Φ
1072 2713 1109 2738 re
1135 2705 1208 2747 (ree
1233 2705 1309 2747 m2)
1334 2703 1374 2738 D
1469 2703 1520 2738 sic
1546 2701 1591 2737 ad
1618 2702 1653 2737 Β
1749 2701 1809 2737 de·
1880 2702 1884 2703 ⁷

290 2760 466 2795 ducuntur
491 2759 535 2795 H
641 2760 684 2795 14
709 2760 760 2795 fili
785 2760 878 2801 K‚D
901 2761 1024 2806 (corr.)
1138 2762 1180 2796 16
1207 2761 1309 2807 deus]
1337 2763 1372 2797 in
1402 2772 1457 2796 me
1483 2761 1570 2796 deus
1595 2761 1627 2796 Σ
1731 2760 1807 2806 cur]

289 2818 376 2864 quid
400 2819 445 2853 H
538 2830 558 2854 a
582 2830 609 2855 s.
638 2819 659 2854 l.
687 2819 723 2853 Β
