1884 3254
207 264 294 306 286
747 259 896 294 Sancti
921 258 1178 303 Hieronymi

861 385 1074 428 XXXVII.

735 481 810 523 AD
843 473 1200 522 MARCELLAM.

270 579 306 619 1.
335 577 490 631 Nuper,
525 589 619 618 cum
651 574 803 618 Reticii
834 574 1233 629 Augustodunensis
1265 574 1466 630 episcopi,
1500 574 1572 628 qui
1598 587 1726 628 quon-

207 648 302 690 dam
335 660 358 689 a
390 646 662 689 Constantino
694 645 944 699 imperatore
977 644 1055 686 sub
1083 643 1289 693 Siluestro
1322 645 1519 700 episcopo
1552 646 1604 687 ob
1631 657 1726 688 cau-

208 731 295 761 sam
328 716 614 759 Melitensium
644 716 801 757 missus
834 717 901 757 est
929 715 1121 766 Romam,
1154 715 1477 758 commentarios
1511 716 1554 758 in
1589 714 1726 758 Canti-

207 801 350 830 corum
383 787 600 830 Canticum
632 786 920 840 perlegissem,
948 785 1061 839 quod
1086 785 1268 828 Hebraei
1299 788 1453 828 uocant
1484 786 1542 828 sir
1567 786 1725 839 asirim,

206 858 476 900 uehementer
511 857 687 899 miratus
725 869 820 898 sum
857 857 996 899 uirum
1035 856 1302 910 eloquentem
1339 858 1505 910 praeter
1546 856 1726 911 ineptias

208 941 408 971 sensuum
452 929 683 970 ceterorum
720 927 890 969 Tharsis
934 927 1082 969 urbem
1118 929 1292 982 putasse
1330 927 1521 980 Tarsum,
1558 928 1599 970 in
1645 940 1728 982 qua

1768 729 1786 757 5

206 999 364 1041 Paulus
397 998 615 1051 apostolus
647 999 770 1039 natus
804 997 872 1048 sit,
906 999 948 1039 et
979 1010 1126 1039 aurum
1160 996 1261 1039 Ofaz
1293 999 1452 1051 petram
1487 998 1727 1053 significari,
1781 990 1785 994 ’

208 1069 318 1123 quod
351 1067 514 1122 Cephas
544 1068 586 1110 in
620 1067 837 1122 euangelio
869 1067 1020 1109 Petrus
1053 1068 1110 1110 sit
1140 1068 1389 1122 appellatus.
1419 1068 1623 1110 habuerat
1646 1068 1728 1110 uti-

208 1151 288 1193 que
320 1140 360 1180 et
390 1139 432 1180 in
463 1138 728 1180 Hiezechiele
759 1138 803 1179 id
831 1134 974 1191 ipsum
1006 1138 1196 1190 uerbum,
1229 1138 1303 1180 ubi
1335 1138 1385 1180 de
1417 1141 1617 1192 quattuor
1642 1139 1729 1182 ani-

206 1209 388 1250 malibus
415 1208 627 1251 scribitur:
655 1210 703 1250 et
728 1208 923 1262 species
949 1210 1170 1251 rotarum
1203 1209 1340 1252 sicut
1372 1209 1566 1263 species
1598 1210 1726 1252 thar-

207 1279 292 1328 sis,
326 1281 367 1320 et
397 1279 438 1320 in
465 1279 667 1321 Danihele
700 1279 750 1321 de
783 1279 972 1322 domino:
1006 1282 1054 1322 et
1085 1292 1263 1334 corpus
1296 1280 1404 1323 eius
1435 1282 1490 1322 ut
1520 1281 1725 1333 tharsis,

327 1453 370 1487 10
396 1452 439 1488 cf.
465 1453 542 1489 Ioh.
571 1453 602 1497 1,
627 1453 673 1488 42
701 1455 766 1488 etc.
843 1454 887 1488 12
913 1437 1063 1490 *Ezechss
1089 1455 1144 1496 10,
1171 1455 1192 1490 9
1268 1455 1311 1490 13
1337 1455 1534 1498 *Β3η.,10,
1561 1456 1583 1491 6

489 1590 736 1637 Spinaliensis
765 1594 816 1628 68
839 1603 867 1628 s.
900 1589 998 1627 VIII.

488 1651 694 1686 Duaeensis
718 1654 799 1686 247
821 1663 849 1687 s.
874 1652 946 1687 ΧΙ.

488 1709 687 1754 Parisinus
713 1710 778 1745 lat.
808 1712 915 1745 4883
939 1711 975 1745 Α
998 1722 1026 1746 8.
1053 1711 1122 1746 XI.

488 1769 738 1804 Berolinensis
764 1770 829 1804 lat.
855 1772 903 1805 18
926 1781 954 1805 s.
980 1770 1068 1805 XII.

486 1827 685 1862 Parisinus
710 1827 793 1863 bibl.
822 1829 1101 1864 armamentarii
1127 1832 1207 1865 293
1230 1841 1258 1866 8.
1285 1831 1370 1865 XII.

485 1885 777 1922 Mazarim'anus
805 1889 884 1922 577
906 1898 933 1923 s.
960 1888 1052 1923 XII.

489 1944 687 1980 Parisinus
712 1945 777 1981 lat.
803 1947 908 1981 1876
930 1958 958 1982 s.
984 1947 1070 1983 XII.

348 1592 392 1979 ccsoemeffi

419 1960 464 1974 ΙΙ
416 1901 459 1914 ΙΙ
417 1843 461 1856 ΙΙ
417 1784 462 1798 ΙΙ
416 1725 461 1739 ΙΙ
418 1667 462 1680 ΙΙ
418 1608 463 1622 11

253 2070 274 2104 2
296 2070 340 2105 ad
367 2071 513 2106 eandem
541 2071 585 2106 de
611 2072 689 2107 ofaz
708 2073 843 2108 baddin
863 2077 899 2109 et
919 2075 1050 2110 tharsis
1070 2075 1146 2110 ΚΛ
1167 2076 1211 2111 ad
1231 2077 1435 2112 marcellam
1455 2077 1499 2113 de
1519 2078 1597 2114 ofaz
1617 2078 1727 2115 badin

208 2131 245 2163 et
269 2129 401 2163 tharsis
429 2129 474 2175 Qe
502 2130 546 2165 ad
571 2131 778 2166 marcellam
804 2132 847 2167 de
872 2134 1146 2177 reprehensione
1171 2135 1309 2170 reietici
1337 2137 1497 2182 episcopi
1521 2138 1558 2172 in
1586 2140 1727 2174 cantica

208 2189 426 2223 cantieorum
451 2188 486 2221 B
511 2188 554 2223 de
585 2190 859 2234 reprehensione
891 2194 1110 2228 tractatuum
1141 2194 1179 2229 in
1205 2195 1352 2230 canticis
1379 2196 1597 2232 canticorum
1622 2198 1727 2233 retici

209 2246 298 2291 galli
323 2257 380 2291 ac;
406 2247 623 2293 Hieronymi
646 2259 776 2285 nomen
801 2251 968 2286 exhibent
993 2252 1094 2287 tituli
1116 2253 1158 2288 in
1187 2253 1314 2299 QBace
1406 2256 1427 2291 3
1452 2256 1557 2291 retici
1581 2267 1623 2292 uc
1649 2267 1725 2292 rec·

207 2304 287 2339 ticii
311 2306 366 2349 (in
389 2317 463 2340 ras.
490 2309 565 2350 m2)
591 2307 627 2341 B
652 2308 793 2343 rheticii
817 2321 842 2354 g
948 2311 1141 2357 augustud.
1166 2312 1245 2348 Rue
1271 2313 1453 2359 augustid.
1479 2314 1530 2351 Ae
1641 2327 1726 2351 cun-

208 2361 289 2397 dam
319 2363 349 2409 Q
443 2366 465 2398 4
491 2376 511 2398 a
537 2376 603 2400 om.
630 2366 665 2400 B
761 2370 782 2403 5
808 2379 906 2404 roma
931 2369 976 2404 K
994 2381 1114 2406 romae
1141 2381 1181 2407 ac
1303 2373 1522 2408 canticorum
1548 2375 1727 2410 canticum

211 2422 364 2464 (cantica
392 2422 434 2468 Q)
459 2423 565 2468 KQA
593 2425 770 2460 canticum
797 2428 1015 2463 canticorum
1042 2433 1104 2464 cet.
1218 2431 1240 2465 6
1266 2431 1456 2467 sirassiiim
1481 2432 1525 2467 K
1546 2433 1727 2478 syrasirim

209 2481 429 2524 (postposito
455 2483 601 2526 uocant)
627 2483 656 2517 A
780 2486 799 2520 7
825 2486 1031 2531 loquentem
1057 2488 1231 2525 Ka.c.m2
1343 2491 1364 2525 8
1392 2493 1587 2526 ceterorum
1615 2502 1682 2527 om.
1708 2502 1724 2528 e

207 2539 315 2573 tarsis
344 2538 479 2584 Qa.c.B
621 2544 756 2577 tarsum
785 2544 921 2590 Qa.c.B
946 2547 1105 2582 tharsum
1132 2552 1194 2583 cet.
1327 2550 1349 2584 9
1374 2549 1487 2595 ophaz
1511 2560 1527 2586 e
1555 2550 1667 2596 ophat
1690 2551 1727 2586 B

210 2599 346 2642 petram
369 2597 399 2643 Q
418 2601 558 2644 petrum
579 2605 642 2636 cet.
663 2601 808 2638 Petrum
827 2615 851 2648 g
924 2605 1125 2650 significare
1143 2618 1168 2652 ς
1218 2608 1262 2643 10
1282 2608 1392 2654 quod]
1422 2610 1482 2654 qui
1501 2609 1578 2645 Bac
1599 2610 1684 2655 quia
1702 2621 1726 2655 g

209 2658 332 2700 petrus
361 2656 435 2702 Q‚A
463 2658 505 2703 (s.
532 2659 572 2703 l.)
596 2662 699 2705 petra
723 2661 780 2697 Kc
807 2663 842 2696 id
870 2670 926 2698 est
950 2667 1073 2710 petrus
1097 2666 1176 2701 Buc
1202 2666 1298 2701 idem
1323 2669 1445 2713 petrus
1469 2679 1494 2712 g
1620 2669 1661 2703 11
1690 2671 1726 2704 et

207 2724 237 2748 s.
264 2715 286 2749 l.
312 2716 348 2750 B
490 2717 707 2753 ihezechiele
739 2730 754 2755 c
786 2721 975 2757 iezechiele
1008 2723 1084 2759 Aac
1118 2724 1294 2760 ezechiele
1326 2726 1407 2770 (sic)
1433 2726 1469 2760 B
1502 2727 1678 2763 ezechiele
1701 2739 1727 2773 g

212 2772 255 2806 12
280 2775 384 2809 tarsis
409 2775 446 2809 B
531 2776 574 2811 13
601 2779 637 2811 et
662 2777 781 2823 in—p.
808 2781 897 2825 287,
926 2783 951 2815 2
977 2782 1135 2828 Tharsis]
1163 2794 1231 2818 om.
1257 2783 1396 2830 KQAe,
1420 2785 1485 2820 sed
1507 2786 1548 2821 in
1572 2786 1617 2821 K
1638 2786 1726 2822 add.

209 2832 250 2866 in
276 2844 340 2877 my.
369 2834 436 2877 inf.
534 2835 673 2870 daniele
699 2837 800 2872 codd.
900 2840 987 2885 eius]
1015 2840 1173 2876 eiusdem
1198 2853 1222 2887 g
1318 2843 1424 2878 tarsis
1449 2842 1596 2890 Kqu

1751 1081 1788 1111 10

1878 1459 1884 1506 ξ

1874 1603 1884 1707 ἐ
