1884 3254
267 264 349 306 130
799 260 951 295 Sancti
978 259 1231 305 Hieronymi

264 392 523 445 praesentem
568 389 807 444 parabolam
845 388 886 429 in
930 386 1164 442 publicanis
1209 388 1252 429 et
1293 386 1597 440 peccatoribus,
1642 387 1715 442 qui
1757 400 1782 430 a

265 461 430 504 domino
482 460 532 502 ad
580 458 877 513 paenitentiam
926 457 1276 511 prouocabantur,
1326 456 1529 499 debemus
1579 457 1782 512 accipere,

266 531 492 574 secundum
525 529 728 584 mysticos
755 530 898 570 autem
929 528 1171 570 intellectus
1205 527 1255 569 de
1286 527 1430 569 futura
1461 540 1628 582 quoque
1658 530 1806 571 uocas

266 602 378 644 tione
398 600 584 656 gentium
612 598 861 654 prophetari.
882 611 990 639 nunc
1017 598 1069 639 ad
1094 598 1302 640 seniorem
1326 597 1461 640 filium
1488 611 1624 640 sermo
1650 600 1785 641 trans-

267 670 466 726 greditur,
505 682 629 724 quem
667 669 792 711 multi
829 668 1092 723 simpliciter
1117 668 1169 710 ad
1207 668 1393 711 omnium
1425 670 1665 711 sanctorum
1693 681 1785 722 per·
1826 681 1846 710 ο

268 754 425 791 sonam,
451 740 575 782 multi
600 739 765 794 proprie
792 739 843 781 ad
868 739 1048 781 Iudaeos
1073 739 1268 781 referunt.
1294 741 1336 781 et
1361 738 1412 781 de
1438 738 1595 782 sanctis
1617 738 1787 794 quidem

267 825 346 855 non
380 810 563 853 difficilis
594 809 883 864 interpretatio
917 811 983 852 est
1011 809 1053 851 in
1087 821 1150 860 eo,
1183 809 1294 863 quod
1319 809 1492 852 dicitur:
1524 821 1787 864 numquam

269 882 547 925 mandatum
580 882 720 923 tuum
753 880 1042 935 praeteriui,
1074 880 1176 922 licet
1205 880 1313 922 illud
1344 879 1536 923 uideatur
1567 880 1786 932 obsistere,

270 953 380 1007 quod
414 951 643 995 reuersioni
679 951 820 993 fratris
857 951 1058 993 inuideat.
1089 950 1132 993 in
1162 951 1340 993 Iudaeos
1379 953 1519 993 autem
1552 962 1648 993 cum
1679 950 1790 994 liuor

270 1024 310 1065 in
349 1023 489 1065 fratris
528 1022 664 1064 salute
701 1021 937 1072 conueniat,
969 1021 1049 1063 hoc
1086 1022 1305 1077 repugnat,
1339 1021 1451 1075 quod
1480 1033 1712 1075 numquam
1743 1033 1790 1063 se
1813 1031 1850 1061 ιο

272 1094 384 1136 dicat
414 1093 506 1136 eius
537 1092 785 1147 praeterisse
810 1092 1073 1142 mandatum3
1102 1092 1153 1135 de
1186 1092 1338 1146 quibus
1371 1092 1472 1147 quid
1502 1092 1623 1135 nobis
1648 1091 1791 1135 uidea-

272 1167 353 1216 tur,
381 1164 470 1207 suis
496 1164 600 1206 locis
627 1163 870 1206 conabimur
896 1163 1125 1217 explanare.
1151 1165 1256 1205 erat
1280 1165 1443 1206 autem
1474 1162 1620 1205 filius
1645 1162 1790 1205 illius

274 1235 439 1278 senior
474 1234 522 1276 in
560 1247 692 1290 agro,
723 1234 765 1276 in
797 1234 974 1277 terrenis
1009 1234 1204 1288 operibus
1235 1234 1379 1277 labore
1411 1234 1634 1285 desudans,
1665 1233 1792 1290 longe

274 1319 297 1349 a
327 1305 462 1361 gratia
487 1305 662 1359 spiritus
694 1305 842 1356 sancti,
870 1317 893 1346 a
918 1305 1100 1347 consilio
1131 1305 1263 1359 patris
1296 1304 1483 1358 extorris.
1514 1304 1583 1346 hic
1617 1306 1695 1355 est,
1722 1303 1794 1357 qui

275 1377 350 1419 ait:
379 1389 548 1431 agrum
575 1375 668 1418 emi
695 1378 742 1418 et
773 1388 980 1418 necesse
1005 1375 1162 1418 habeo
1190 1376 1319 1418 exire
1347 1377 1395 1418 et
1424 1375 1597 1417 uidere
1627 1375 1854 1426 illum31⁶

275 1460 393 1502 rogo
431 1449 493 1497 te,
532 1447 655 1488 habe
692 1459 766 1488 me
806 1448 1117 1495 excusatum3
1157 1446 1238 1497 hic,
1273 1446 1346 1501 qui
1376 1446 1478 1501 iuga
1506 1446 1667 1489 bouum
1698 1458 1794 1489 con-

278 1519 396 1572 parat
433 1517 615 1572 quinque
654 1519 696 1559 et
730 1517 838 1572 legis
879 1529 1001 1559 onere
1039 1517 1264 1571 depressus
1301 1519 1560 1560 terrenorum
1592 1529 1795 1559 sensuum

278 1588 497 1643 uoluptate
528 1587 774 1642 perfruitum
806 1587 889 1641 hic,
923 1588 994 1641 qui
1026 1601 1151 1631 uxore
1184 1588 1311 1630 ducta
1341 1588 1402 1630 ire
1433 1587 1485 1630 ad
1514 1587 1683 1643 nuptias
1714 1600 1796 1630 non

278 1661 421 1712 potest
452 1661 494 1701 et
525 1659 698 1701 effectus
732 1670 825 1701 caro
857 1671 1120 1713 nequaquam
1151 1672 1281 1701 unum
1315 1671 1407 1701 esse
1434 1671 1530 1701 cum
1556 1658 1726 1713 spiritu3
1757 1658 1802 1700 in

280 1729 406 1771 huius
438 1740 660 1783 personam
692 1729 819 1771 etiam
850 1729 967 1772 illius
1005 1729 1227 1782 parabolae
1267 1729 1443 1784 operarii
1475 1730 1725 1785 congruunt,
1755 1729 1800 1771 in
1823 1735 1875 1766 *θ’

283 1812 365 1854 qua
395 1799 543 1853 prima,
567 1799 704 1848 tertia,
732 1801 860 1850 sexta,
887 1812 996 1842 nona
1020 1799 1134 1851 hora,
1162 1799 1203 1841 id
1236 1802 1303 1842 est
1333 1799 1626 1843 uocationibus
1657 1799 1801 1851 uariis,
1828 1822 1831 1824 -

282 1870 509 1912 mittuntur
539 1870 591 1911 ad
621 1869 787 1912 uineam
820 1872 862 1912 et
886 1870 1154 1925 indignantur
1179 1870 1261 1913 sibi
1286 1870 1532 1913 undecimae
1558 1870 1684 1914 horae
1710 1882 1804 1925 ope-

283 1939 412 1982 rarios
445 1940 679 1994 coaequari.
1195 1950 1198 1954 ’

403 2101 423 2135 7
449 2100 534 2135 Luc,
561 2100 615 2142 15,
642 2100 688 2135 29
764 2100 807 2134 12
833 2099 938 2136 *Luc.
967 2100 1023 2145 15,
1050 2100 1095 2136 25
1170 2101 1213 2136 15
1240 2100 1349 2137 *Lm
1377 2101 1431 2145 14,
1459 2101 1502 2136 18
1577 2101 1620 2137 16
1647 2100 1693 2136 cf.
1717 2101 1805 2136 Luc.

287 2159 341 2202 14,
369 2159 412 2194 19
494 2159 536 2195 18
565 2159 607 2194 cf.
633 2159 718 2194 Luc.
747 2159 802 2201 14,
829 2160 875 2194 20
962 2160 1006 2195 19
1032 2159 1075 2195 cf.
1101 2158 1117 2193 Ι
1145 2159 1224 2196 Cor.
1251 2160 1284 2205 6,
1313 2160 1450 2196 16—17
1531 2160 1576 2196 20
1603 2159 1647 2197 cf.
1672 2160 1804 2196 Matth.

285 2217 345 2260 20,
374 2218 487 2252 1—16

336 2311 352 2346 1
383 2313 419 2346 et
443 2322 540 2356 pecc.
566 2322 633 2347 om.
666 2312 695 2353 Q
798 2313 1149 2358 qui—prouocantur
1174 2314 1252 2358 (sic)
1277 2314 1319 2348 in
1343 2324 1412 2359 my.
1438 2314 1470 2348 Σ
1562 2313 1582 2347 2
1609 2323 1805 2359 prouocan-

286 2371 347 2404 tur
371 2370 439 2405 ΣΙ)
535 2370 706 2406 debemus
732 2382 800 2406 om.
824 2372 864 2406 D
948 2372 969 2406 3
995 2374 1069 2407 aut.
1095 2375 1200 2418 myst.
1227 2372 1292 2414 ΣΟ
1370 2373 1390 2407 7
1417 2372 1559 2407 dificilis
1584 2372 1692 2409 Xa.c.
1718 2371 1805 2407 defi-

289 2429 367 2464 cilis
404 2429 565 2465 2a.c.m2
700 2430 722 2465 9
756 2431 959 2466 reuersione
999 2431 1049 2464 W
1216 2433 1252 2466 in
1284 2442 1312 2467 s.
1351 2432 1374 2467 l.
1411 2433 1476 2467 m2
1506 2431 1539 2466 Σ
1675 2430 1805 2466 iudaeo

288 2487 488 2529 AW,Xa.c.
514 2487 698 2523 iudeorum
723 2488 753 2530 Q
810 2488 852 2524 10
878 2490 1084 2535 conueniat]
1110 2501 1188 2525 cum
1216 2490 1376 2525 uenisset
1398 2492 1462 2525 m2
1492 2489 1543 2524 W
1591 2490 1632 2526 11
1662 2489 1759 2535 quod
1777 2489 1811 2525 Σ
1851 2491 1855 2497 ’

292 2546 334 2580 12
361 2547 398 2580 in
422 2546 512 2581 locis
535 2557 560 2591 g
656 2547 831 2592 explicare
863 2546 893 2589 Q
989 2549 1123 2593 autem]
1152 2548 1245 2583 enim
1269 2549 1306 2583 B
1401 2548 1499 2584 illius
1524 2560 1552 2584 s.
1578 2549 1601 2584 l.
1622 2550 1649 2584 Δ
1700 2549 1743 2584 13
1768 2548 1806 2584 in

290 2615 376 2650 agro
401 2614 469 2640 om.
494 2604 534 2639 D
602 2604 645 2639 14
671 2605 735 2640 alt.
763 2606 797 2650 a]
824 2616 852 2640 s.
880 2605 901 2641 l.
931 2606 964 2640 Σ
983 2617 1023 2641 ac
1054 2605 1084 2647 Q
1110 2608 1147 2641 et
1171 2617 1192 2641 a
1216 2607 1407 2652 Bp.c.m2g
1474 2607 1519 2642 15
1542 2606 1608 2642 illa
1633 2607 1666 2642 Σ
1684 2607 1806 2651 (corr.)

292 2662 335 2698 16
362 2662 428 2698 abe
460 2662 556 2708 W,D
582 2663 700 2707 (corr.)
821 2664 882 2709 qui
906 2675 934 2699 s.
961 2665 984 2699 l.
1009 2665 1046 2699 B
1164 2665 1297 2701 bouum
1331 2666 1381 2700 W
1398 2666 1529 2701 bohum
1555 2667 1582 2700 Δ
1606 2666 1716 2701 boum
1741 2668 1804 2701 cet.

292 2724 464 2767 conparat
486 2734 515 2758 e.
542 2722 566 2757 l.
593 2723 626 2757 Σ
645 2723 732 2758 emit
755 2734 780 2767 ς
876 2724 919 2758 19
947 2726 983 2758 et
1008 2734 1075 2760 om.
1109 2724 1195 2759 WX
1299 2736 1409 2760 unum
1433 2725 1566 2760 ΔΣΒΒ
1593 2725 1671 2760 uult
1694 2734 1804 2759 unum
1854 2759 1857 2762 ,

298 2780 337 2824 Q,
363 2781 422 2823 (ex
446 2781 549 2816 uultu
575 2792 658 2816 num
683 2782 758 2824 m2)
779 2782 821 2815 X
842 2782 922 2816 uult
948 2781 997 2815 W
1016 2793 1123 2817 unum
1150 2785 1272 2828 potest
1288 2795 1313 2828 ς
1360 2785 1406 2819 20
1430 2795 1617 2829 personam
1645 2782 1805 2828 W,Xa.r.

291 2850 444 2884 persona
468 2844 530 2875 cet.
605 2839 649 2874 23
675 2843 853 2885 coequant
885 2839 933 2874 W
