1884 3254
275 286 359 328 392
817 283 967 317 Sancti
993 264 1250 327 Hierorfyrni

275 425 382 455 cum
420 412 708 467 portauerit
743 412 913 466 iugum
959 410 1015 452 ab
1050 409 1412 452 ⁴adulescentia
1455 423 1555 452 sua.
1593 411 1794 454 sedebit

276 484 415 526 solus
442 486 490 524 et
519 482 722 532 tacebit,
752 482 866 535 quia
890 480 1015 522 tulit
1046 492 1195 534 super
1227 492 1277 522 se
1308 480 1492 535 iugum.
1520 483 1594 523 aut
1618 481 1654 523 si
1681 483 1795 524 certe

276 555 315 595 in
349 565 491 595 omnes
524 552 748 605 scriptores
781 550 1011 593 censoriam
1042 550 1209 605 accepit
1238 551 1447 606 uirgulam
1482 551 1710 594 etidcirco
1747 565 1795 594 se

276 623 484 665 eruditum
536 624 671 676 putat,
733 621 830 675 quia
876 620 1142 663 Iouinianum
1193 622 1310 663 solus
1359 621 1571 677 intellegit
1623 647 1679 652 —
1729 625 1796 665 est

276 695 428 747 quippe
460 693 730 746 prouerbium
761 692 934 734 balbum
966 690 1124 733 melius
1149 691 1264 734 balbi
1288 692 1417 734 uerba
1448 704 1698 747 cognoscere
1721 717 1793 744 -—,
1830 706 1852 734 ο

219 796 236 806 ,
274 765 414 809 πάντες
459 761 495 804 οἱ
538 770 774 820 συγγραφεῖς
817 762 1081 816 appellamus
1125 774 1149 803 a
1178 761 1255 804 tali
1297 761 1451 804 iudice.
1491 763 1584 816 ipse
1628 775 1796 818 quoque

274 833 533 882 Iouinianus,
548 833 797 889 συγγραφεὺς
816 828 1091 887 ἀγράμματος,
1105 832 1342 874 iustissime
1361 833 1656 887 proclamabit:
1670 834 1798 887 ‘quod

275 917 342 945 me
369 904 563 945 damnent
588 903 788 957 episcopi,
814 915 896 944 non
929 905 996 944 est
1025 903 1146 954 ratio,
1172 903 1246 945 sed
1279 903 1546 957 conspiratio.
1570 905 1666 946 nolo
1691 904 1797 946 mihi
1870 908 1874 911 ’

275 974 346 1016 ille
365 974 434 1016 uel
459 974 530 1016 ille
549 974 816 1027 respondeat,
837 986 1014 1027 quorum
1040 985 1107 1015 me
1133 973 1362 1016 auctoritas
1382 974 1616 1028 opprimere
1641 976 1798 1029 potest.

276 1045 422 1087 docere
459 1057 537 1087 non
578 1046 730 1097 potest.
770 1044 930 1086 scribat
966 1046 1109 1086 contra
1145 1057 1212 1086 me
1249 1044 1328 1095 uir,
1366 1045 1487 1086 cuius
1526 1047 1568 1087 et
1604 1057 1682 1100 ego
1718 1045 1797 1087 lin-
1818 1049 1860 1086 ιό

277 1128 400 1170 guam
451 1115 671 1169 intelleg03
723 1127 846 1168 quem
897 1120 991 1157 cum
1038 1115 1192 1163 uicero,
1237 1127 1379 1157 omnes
1429 1115 1620 1158 homines
1669 1116 1799 1159 simul

276 1186 460 1227 uicerim.
493 1170 572 1240 ego
607 1198 701 1227 eum
734 1185 839 1227 bene
871 1186 969 1228 noui
1003 1210 1058 1215 —
1093 1187 1293 1238 experto
1338 1186 1540 1235 credite,
1580 1189 1797 1240 quantus

274 1258 320 1298 in
355 1256 573 1310 clipeum
609 1256 862 1311 adsurgat,
891 1269 984 1310 quo
1015 1256 1216 1298 turbine
1241 1259 1476 1310 torqueat
1501 1257 1691 1299 hastam
1719 1273 1795 1300 -ε

274 1327 395 1369 fortis
429 1329 494 1369 est
526 1327 643 1385 etin
684 1327 1161 1381 disputandonodosus
1200 1329 1242 1369 et
1277 1329 1396 1381 tenax
1435 1330 1476 1369 et
1514 1329 1586 1381 qui
1624 1328 1797 1383 obliquo

277 1399 319 1438 et
343 1397 580 1439 acuminato
605 1400 768 1452 pugnet
792 1398 939 1452 capite.
966 1410 1089 1452 saepe
1115 1398 1165 1440 de
1190 1402 1313 1440 nocte
1338 1411 1473 1452 usque
1499 1398 1550 1440 ad
1575 1410 1796 1452 uesperam
1819 1400 1858 1440 nl

276 1470 419 1509 contra
450 1480 524 1510 nos
556 1469 597 1509 in
629 1468 782 1522 plateis
815 1464 1112 1519 clamauimus3
1144 1469 1271 1510 habet
1306 1469 1437 1511 latera
1468 1471 1511 1511 et
1542 1469 1795 1511 athletarum

275 1538 402 1579 robur
434 1540 475 1580 et
504 1538 614 1580 belle
648 1539 920 1592 corpulentus
954 1541 1029 1581 est.
1060 1539 1231 1581 uidetur
1260 1539 1365 1580 mihi
1397 1540 1560 1581 occulte
1585 1539 1669 1581 mei
1694 1539 1797 1594 dog-

275 1609 401 1650 matis
434 1621 528 1651 esse
561 1611 753 1652 sectator.
789 1612 1006 1663 praeterea
1036 1620 1263 1663 numquam
1303 1610 1515 1652 erubescit
1550 1613 1623 1652 nec
1663 1610 1798 1652 consi—

276 1679 406 1729 derat,
439 1679 552 1732 quid,
585 1679 672 1731 sed,
701 1682 902 1733 quantum
931 1680 1061 1730 dicat;
1089 1682 1130 1722 et
1154 1681 1196 1722 in
1228 1682 1388 1722 tantam
1414 1672 1651 1734 opinionem
1679 1681 1799 1722 uenit

276 1750 553 1803 eloquentiae,
603 1752 652 1791 ut
696 1751 857 1792 soleant
902 1751 1014 1792 dicta
1058 1751 1148 1792 eius
1193 1751 1440 1793 cirratorum
1490 1751 1583 1793 esse
1626 1751 1861 1794 dictatam

277 1821 471 1874 quotiens
509 1834 576 1862 me
619 1821 700 1863 iste
738 1821 779 1862 in
819 1821 989 1863 circulis
1029 1822 1281 1863 stomachari
1318 1821 1422 1863 fecit
1458 1825 1500 1864 et
1537 1822 1709 1864 adduxit
1745 1822 1797 1864 ad
1842 1811 1864 1848 ’-

278 1892 471 1942 coleram,
512 1892 706 1945 quotiens
741 1892 936 1947 conspuit
973 1894 1023 1934 et·
1047 1894 1278 1946 consputus
1317 1893 1542 1934 abscessit!
1582 1893 1656 1935 sed
1692 1893 1797 1935 haec

278 1963 470 2016 uulgaria
503 1965 601 2004 sunt
632 1965 674 2005 et
705 1976 729 2004 a
754 1963 946 2016 quolibet
971 1963 1021 2005 de
1047 1964 1326 2006 sectatoribus
1351 1964 1458 2005 meis
1483 1965 1662 2017 possunt
1686 1963 1797 2006 fieri:

1877 651 1884 684 j

1872 795 1884 825 ‘5

398 2124 440 2158 12
470 2124 573 2169 Verg.
599 2124 687 2159 Aen.
713 2124 763 2158 XI
788 2125 857 2159 283
883 2106 934 2170 sq,
1009 2125 1054 2159 20
1080 2124 1124 2159 cf.
1149 2125 1293 2160 Persius
1319 2125 1335 2159 1
1361 2125 1406 2160 29

325 2219 345 2252 3
372 2218 504 2263 accipit
521 2218 557 2253 B
606 2220 626 2253 e
653 2218 789 2264 πάντες]
816 2210 1036 2254 ΙιωΝΘωο
1054 2219 1091 2253 Β
1163 2218 1214 2254 01
1234 2219 1267 2253 Σ
1283 2218 1345 2254 οἻ
1364 2218 1396 2253 J
1413 2218 1473 2253 or
1489 2218 1530 2253 D
1548 2218 1621 2254 ωΥ
1638 2219 1675 2254 Β
1694 2217 1756 2254 οΥ
1773 2231 1801 2264 ς
1860 2214 1862 2217 “

279 2275 551 2311 ΟΥΝΓΡΑΦΕΙ
582 2277 620 2311 D
652 2275 954 2312 ΟῙΝΓΡΑΦΕΥΟ
984 2277 1015 2312 J
1049 2275 1353 2313 ΟΙΝΛΡΛΦΕΥΟ
1384 2277 1417 2312 Σ
1450 2276 1730 2323 ΟΠΓΡΑΦΗΥΟ
1761 2278 1802 2313 Β

280 2334 535 2380 (uppenamus
567 2336 603 2369 B
634 2335 854 2380 fflpellamus
885 2337 925 2371 D
957 2337 1179 2382 appellamur
1208 2348 1232 2380 g
1393 2347 1413 2370 a
1442 2336 1524 2371 talii
1553 2335 1593 2371 D
1624 2337 1743 2372 attilio
1772 2349 1800 2382 g

279 2395 299 2428 7
326 2395 425 2438 iust.]
454 2394 489 2428 id
517 2395 549 2428 ei
575 2395 658 2429 iust.
683 2407 707 2439 g
784 2396 1022 2441 proclamauit
1046 2396 1121 2431 DB
1174 2397 1196 2431 8
1223 2396 1488 2441 dam(pB)nant
1510 2395 1587 2430 DB
1642 2396 1686 2432 10
1710 2397 1797 2431 scri-

279 2453 334 2487 bit
358 2454 396 2488 D
482 2454 521 2487 11
550 2464 809 2499 quemcumque
834 2455 872 2489 D
966 2455 1130 2490 homines
1155 2466 1223 2491 om.
1248 2456 1285 2489 B
1370 2455 1414 2491 12
1439 2455 1594 2490 nicetem
1619 2455 1681 2490 JZ
1700 2456 1799 2490 uice-

278 2512 387 2546 rimus
411 2512 451 2546 D
523 2513 617 2556 eum]
643 2513 734 2547 enim
760 2525 784 2557 g
842 2514 882 2548 13
909 2514 1070 2559 clypeum
1095 2514 1155 2549 JZ'
1223 2515 1317 2549 hast.
1342 2516 1435 2560 torq.
1460 2514 1523 2549 JZ'
1579 2516 1703 2558 ‚astam
1721 2514 1800 2550 DB

282 2570 324 2605 14
351 2572 388 2604 et
413 2570 487 2616 qui]
515 2571 576 2616 qui
603 2573 639 2605 et
663 2571 699 2605 B
798 2574 840 2607 15
867 2576 1012 2607 arcuato
1037 2585 1062 2617 g
1169 2585 1245 2619 cap.
1271 2584 1382 2618 pugn.
1407 2573 1443 2607 B
1555 2583 1743 2619 uesperum
1769 2573 1806 2608 Σ

283 2630 324 2664 16
351 2629 520 2663 clamauit
543 2640 568 2673 g
640 2631 828 2665 atletarum
856 2632 892 2665 B
917 2632 962 2666 ad
986 2632 1139 2666 letarum
1166 2632 1367 2667 Za.c.m2D
1393 2631 1438 2666 ad
1461 2632 1618 2667 lazarum
1638 2632 1800 2677 Zp.c.m2

283 2689 325 2723 17
350 2687 456 2722 robor
481 2688 513 2722 Σ
594 2689 686 2723 uelle
714 2689 885 2734 spem?
910 2690 1014 2724 ualde
1041 2691 1072 2725 Σ
1092 2691 1134 2725 in
1157 2702 1222 2736 my.
1248 2693 1312 2725 m2
1400 2691 1563 2726 occultae
1586 2690 1803 2736 J,Da.c.m2
1852 2705 1854 2707 ·

280 2747 440 2782 occultus
465 2747 636 2791 Dp.c.m2
703 2748 746 2783 18
772 2750 931 2783 sectatur
956 2749 994 2783 D
1092 2749 1278 2784 erubescet
1301 2750 1341 2784 D
1409 2750 1451 2784 19
1476 2750 1630 2796 tantam]
1654 2751 1797 2785 tantum
1855 2750 1857 2764 ²

278 2806 331 2840 Ja
346 2818 372 2840 c.
399 2816 477 2840 uen.
506 2818 561 2851 op.
586 2818 610 2850 g
694 2807 739 2841 ‘20
765 2807 992 2841 scirratorum
1021 2808 1056 2841 B
1140 2808 1185 2842 22
1212 2808 1386 2843 choleram
1413 2819 1437 2852 ς
1532 2807 1578 2842 23
1604 2810 1642 2843 et
1663 2819 1691 2843 s.
1719 2808 1741 2843 l.
1769 2808 1806 2843 Σ
1839 2801 1847 2845 {3

280 2864 323 2899 de
348 2875 375 2897 s.
404 2865 425 2900 l.
453 2865 484 2898 Σ
1848 2880 1851 2882 ,
