1884 3254
206 286 291 328 678
752 284 903 319 Sancti
928 284 1181 328 Hieronymi

206 414 341 457 tristis
368 427 426 464 es,
454 413 565 468 quod
591 412 727 456 oculis
754 412 887 454 carnis
915 413 1098 454 careas⁶?'
1125 424 1221 454 cum
1246 411 1318 454 ille
1343 412 1501 467 pudore
1519 415 1727 466 reticeret,

208 484 391 527 secundo
433 483 644 536 teiiioque
687 482 950 536 interrogans
992 481 1161 523 tandem
1205 481 1364 532 elicuit,
1408 485 1458 525 ut
1498 495 1728 534 maerorem

149 563 157 575 ·
209 555 336 597 animi
373 552 623 606 simpliciter
659 552 872 594 fateretur.
916 551 984 593 cui
1020 551 1248 594 Antonius:
1291 552 1461 603 ‘miron’
1504 554 1576 606 ait,
1621 559 1729 608 ‘pru-

211 626 375 667 dentem
400 624 539 666 uirum
567 623 657 665 eius
681 622 742 664 rei
768 621 908 665 dolere
935 621 1099 673 damno,
1127 634 1252 676 quam
1276 623 1475 666 formicae
1501 627 1542 667 et
1560 637 1731 668 muscae

211 687 253 738 et
284 694 440 736 culices
471 693 666 743 habeant,
699 694 741 734 et
765 705 846 735 non
870 692 1017 734 laetari
1042 692 1159 734 illius
1183 693 1466 746 possessione,
1499 707 1624 749 quam
1651 696 1732 739 soli

213 764 348 808 sancti
391 767 433 806 et
475 763 657 817 aposfioli
693 764 958 805 meruel-uuir.
996 775 1042 805 ex
1081 776 1162 817 quo
1195 763 1404 817 pervides,
1449 765 1561 818 quod
1597 766 1732 810 multo

213 835 364 878 melius
397 834 454 877 sit
485 833 637 888 spiritu
670 834 812 876 uidere
844 847 968 887 quam
996 845 1117 876 carne
1144 837 1187 876 et
1210 834 1306 877 illos
1333 836 1478 878 oculos
1503 837 1733 891 possidere,

213 907 255 948 in
283 917 389 960 quos
409 905 571 947 festuca
592 904 756 960 peccati
774 916 856 946 non
875 904 1013 958 possit
1030 903 1227 946 incidere.
1246 904 1298 946 ad
1317 917 1394 948 nos
1411 905 1512 948 licet
1529 907 1610 949 hoc
1628 919 1734 950 anno

148 1015 153 1023 ,
216 989 295 1019 non
326 975 506 1025 ueneris,
538 979 678 1018 tamen
715 987 796 1017 non
835 974 1109 1028 desperamus
1147 974 1374 1018 aduentum
1412 977 1546 1019 tuum.
1585 977 1746 1032 quodsi

217 1048 387 1089 sanctus
418 1046 633 1097 diaconus,
670 1044 849 1100 portitor
876 1044 1127 1096 litterarum,
1158 1045 1246 1088 tuis
1275 1058 1444 1088 rursum
1476 1042 1736 1102 amplexibus
1761 1063 1798 1092 ιο

216 1117 343 1161 fuerit
366 1116 561 1160 inretitus
588 1118 631 1159 et
655 1116 728 1159 illo
756 1116 984 1158 comitatus
1002 1115 1086 1158 huc
1105 1116 1285 1167 ueneris,
1310 1117 1489 1160 libenter
1507 1119 1736 1174 suscipiam

219 1187 543 1242 dispensationis
573 1199 732 1230 moram
764 1186 1052 1242 magnitudine
1082 1187 1238 1230 fenoris
1269 1188 1538 1243 duplicatam.

911 1363 1058 1406 LXIX.

789 1457 864 1499 AD
898 1456 1182 1507 OCEANUM.

284 1551 323 1592 1.
367 1550 624 1605 Numquam,
674 1550 734 1592 fili
778 1549 955 1602 Oceane,
1003 1551 1092 1593 fore
1134 1551 1349 1605 putabam,
1393 1555 1443 1594 ut
1482 1552 1744 1609 indulgentia

224 1621 425 1676 principis
452 1621 700 1664 calumniam
728 1622 957 1664 sustineret
973 1634 1140 1664 reorum
1160 1624 1203 1665 et
1221 1622 1271 1665 de
1292 1623 1527 1666 carceribus
1547 1626 1744 1668 exeuntes

226 1694 324 1746 post
354 1691 498 1734 sordes
529 1705 577 1735 ac
609 1693 793 1748 uestigia
824 1685 1065 1735 catenarum
1097 1692 1283 1736 dolerent
1314 1694 1420 1736 alios
1451 1694 1670 1738 relaxatos.
1702 1695 1743 1737 in

346 1864 368 1898 8
394 1865 437 1900 cf.
463 1865 594 1900 Matth.
621 1866 653 1910 7,
679 1866 772 1901 3—5
798 1867 864 1900 etc.

279 1960 295 1994 1
325 1959 464 1994 carneis
490 1970 588 1994 cares
615 1959 647 1994 Σ
720 1960 743 1994 4
768 1959 934 1994 damnum
961 1960 993 1994 Σ
1062 1960 1084 1994 5
1109 1960 1246 1995 habent
1271 1959 1342 1996 2113
1439 1961 1506 1996 soli
1533 1962 1647 1996 sancti
1673 1960 1750 1997 KB

231 2017 344 2052 sancti
370 2017 437 2052 soli
463 2020 524 2052 cet.
622 2018 643 2052 8
671 2028 739 2062 quo
764 2017 1048 2053 Ka.c.m2ZDO
1164 2029 1260 2064 pecc.
1286 2019 1368 2054 fest.
1394 2018 1465 2055 210
1576 2018 1622 2054 ad
1646 2030 1689 2055 ex
1714 2022 1751 2054 et

231 2076 337 2111 m2K
360 2079 396 2111 et
421 2077 465 2111 ad
491 2077 538 2121 B,
564 2087 631 2111 om.
659 2081 721 2112 cet.
843 2078 885 2112 11
915 2077 1110 2113 comitante
1136 2076 1170 2113 21
1294 2079 1336 2113 12
1361 2089 1496 2114 moram
1522 2089 1550 2113 s.
1577 2080 1602 2114 l.
1625 2080 1688 2113 mi?
1712 2077 1753 2113 K

232 2146 332 2170 mora
356 2136 388 2170 Σ
498 2134 682 2181 duplicata
706 2136 743 2170 B
769 2135 972 2182 duplicatur
995 2136 1028 2171 Σ
1050 2136 1212 2182 duplicat
1235 2137 1275 2172 D
1301 2136 1475 2183 duplicari
1501 2136 1552 2179 ἓξ·
1580 2137 1666 2173 add.
1694 2148 1751 2172 ex-

234 2193 336 2239 plicit
360 2195 403 2229 ad
430 2195 682 2230 castricianum
707 2194 752 2229 K

377 2322 410 2355 L
447 2338 491 2352 =
523 2322 751 2358 Coloniensi-s
779 2324 830 2357 35
853 2333 881 2358 s.
907 2323 981 2357 IX.

378 2382 411 2415 Σ
425 2421 427 2423 ,
448 2397 492 2411 =
554 2382 730 2416 aricensis
754 2382 950 2427 Auqiemis
977 2384 1022 2416 41
1045 2393 1074 2417 s.
1101 2382 1173 2417 IX.

384 2440 434 2474 W
450 2457 492 2469 =
519 2440 719 2476 Parisinus
744 2440 810 2476 lat.
837 2442 941 2476 1868
964 2451 992 2475 a.
1018 2441 1092 2476 IX.

380 2499 419 2534 D
451 2516 493 2529 =
527 2499 729 2534 Vaticanus
755 2499 818 2535 lat.
846 2500 1076 2545 355÷356
1098 2511 1127 2535 ε.
1152 2500 1313 2534 ΙΧ-Χ.

380 2559 415 2592 Β
451 2574 496 2588 =
522 2558 772 2594 Berolinensis
798 2558 862 2593 lat.
888 2560 936 2593 18
959 2568 988 2593 s.
1013 2558 1111 2593 XII.

291 2689 333 2723 14
359 2687 403 2722 ad
429 2698 600 2723 oceanum
626 2687 670 2723 de
694 2688 800 2722 unius
825 2687 943 2722 uxoris
968 2687 1045 2722 uiro
1068 2686 1178 2722 LDB
1195 2687 1241 2722 ad
1267 2698 1436 2723 oceanum
1462 2687 1506 2723 de
1531 2688 1648 2723 ‘unius
1672 2698 1758 2722 uxo-

241 2748 288 2781 ris
322 2747 447 2781 uirnm'
475 2747 507 2781 Σ
533 2748 579 2782 ad
609 2747 783 2789 ocianum,
815 2745 911 2791 quod
942 2746 1113 2791 scriptum
1145 2747 1202 2781 est
1230 2746 1268 2782 in
1299 2746 1462 2792 apostolo
1495 2747 1611 2782 ‘unius
1641 2746 1759 2781 uxoris

243 2806 367 2840 uirum‘
399 2805 463 2849 W;
487 2804 706 2850 Hieronymi
727 2816 858 2841 nomen
883 2804 1052 2840 exhibent
1076 2797 1179 2840 tituli·
1200 2805 1243 2841 in
1266 2805 1368 2841 ΙιΣΒ
1465 2805 1508 2840 15
1533 2804 1707 2850 numquid
1733 2804 1766 2840 Σ

243 2865 318 2899 filia
343 2865 466 2900 ociane
497 2864 547 2899 W
619 2865 660 2899 16
687 2863 863 2899 calomnia
893 2863 944 2899 W
1015 2864 1057 2899 17
1085 2864 1176 2899 alius
1208 2863 1259 2899 W
1350 2864 1530 2899 relaxatus
1561 2863 1612 2899 W
