1884 3254
644 281 848 327 Epistula
873 281 1006 316 LXVII
1030 281 1123 316 4-6
1560 285 1642 325 671

119 409 279 465 gratiae
340 410 573 452 secundum
630 410 817 452 ordinem
872 410 1185 453 Melchisedech
1242 410 1379 452 adhuc
1442 411 1647 465 putabant

119 482 263 522 uetera
301 482 563 522 sacramenta
605 493 685 522 non
726 493 773 522 ex
811 481 1115 523 consuetudine
1152 481 1449 524 sollemnitatis
1488 482 1562 524 sed
1601 495 1647 524 ex

119 550 374 592 necessitate
407 551 558 593 salutis
597 563 690 593 esse
726 550 987 602 celebranda,
1020 564 1125 605 quae
1163 555 1303 594 tamen
1344 551 1379 593 si
1417 564 1648 606 numquam

119 620 304 662 fuissent
328 621 578 672 necessaria,
603 621 863 663 infructuose
884 623 1010 675 atque
1029 621 1207 664 inaniter
1225 634 1299 676 pro
1321 622 1380 663 eis
1402 621 1647 664 Machabaei

59 704 79 732 5
119 693 327 745 martyres
370 690 535 741 fierent;
573 694 784 745 postremo
829 691 951 742 illud,
999 691 1110 746 quod
1146 691 1454 746 praedicatores
1492 691 1650 748 gratiae

121 761 382 805 Christianos
414 761 561 804 Iudaei
597 764 812 816 tamquam
844 762 991 804 hostes
1022 762 1130 817 legis
1163 762 1535 816 persequebantur.
1571 762 1649 804 hos
1688 767 1709 801 2

119 833 247 886 atque
283 831 411 873 huius
450 831 566 874 modi
598 844 756 874 errores
790 834 832 874 et
862 832 969 874 uitia
1000 832 1105 875 dicit
1135 845 1180 874 se
1212 832 1363 874 damna
1394 834 1436 874 et
1467 834 1652 874 stercora

119 902 384 954 arbitratum,
417 905 465 944 ut
497 901 713 945 Christum
750 902 1030 953 lucrifaceret,
1069 915 1149 945 non
1183 902 1496 945 obseruationes
1528 903 1650 958 legis,

6 1019 8 1023 ,
119 973 157 1016 si
198 986 314 1016 more
357 973 491 1028 patrio
537 974 859 1024 celebrarentur,
905 974 1018 1016 sicut
1061 973 1111 1015 ab
1149 973 1243 1027 ipso
1284 972 1516 1015 celebratae
1553 975 1654 1014 sunt

5 1037 17 1079 ἓ
62 1060 98 1088 ιο
123 1044 213 1087 sine
239 1045 326 1086 ulla
353 1044 503 1086 salutis
530 1045 796 1096 necessitate,
824 1045 936 1087 sicut
959 1044 1106 1086 Iudaei
1132 1043 1401 1086 celebrandas
1433 1043 1651 1097 putabant,

124 1117 198 1158 aut
234 1115 374 1157 fallaci
413 1115 696 1166 simulatione,
737 1115 850 1168 quod
885 1115 928 1157 in
960 1114 1083 1156 Petro
1115 1113 1449 1168 reprehenderat.
1487 1126 1582 1155 nam
1616 1113 1653 1155 si
1690 1121 1712 1155 3

123 1187 344 1239 propterea
368 1185 443 1227 illa
468 1187 729 1227 sacramenta
748 1184 989 1234 celebrauit,
1017 1184 1115 1238 quia
1134 1183 1356 1226 simulauit
1374 1196 1419 1226 se
1439 1183 1653 1234 Iudaeum,

125 1258 174 1298 ut
205 1255 303 1298 illos
334 1256 611 1308 lucrifaceret,
650 1269 724 1298 cur
754 1268 835 1298 non
867 1255 995 1297 ctiam
1027 1254 1283 1297 sacrificauit
1313 1266 1409 1296 cum
1442 1254 1653 1309 gentibus,

128 1327 228 1380 quia
265 1329 307 1369 et
342 1327 424 1377 his,
470 1327 543 1381 qui
579 1328 670 1369 sine
707 1327 800 1382 lege
839 1328 969 1378 erant,
1006 1328 1223 1379 tamquam
1261 1325 1349 1367 sine
1386 1325 1479 1380 lege
1517 1325 1655 1367 factus

68 1411 104 1443 15
129 1400 207 1447 est,
253 1400 301 1440 ut
344 1411 415 1440 eos
460 1411 628 1452 quoque
663 1398 942 1447 lucrifaceret,
987 1397 1069 1440 nisi
1109 1396 1207 1450 quia
1244 1398 1286 1438 et
1326 1395 1434 1437 illud
1469 1395 1573 1437 fecit
1607 1397 1657 1437 ut

125 1470 274 1511 natura
297 1468 481 1510 Iudaeus
515 1471 557 1510 et
582 1469 661 1510 hoc
686 1470 825 1510 totum
852 1468 969 1519 dixit,
1001 1480 1081 1509 non
1109 1469 1157 1509 ut
1181 1466 1388 1508 fallaciter
1412 1478 1456 1508 se
1480 1465 1659 1521 fingeret

126 1553 235 1591 esse,
275 1540 387 1593 quod
424 1553 505 1582 non
537 1541 638 1591 erat,
678 1539 752 1581 sed
784 1541 834 1581 ut
868 1537 1198 1581 misericorditer
1227 1537 1288 1578 ita
1320 1536 1657 1578 subueniendum

127 1623 220 1653 esse
247 1611 433 1663 sentiret,
466 1622 513 1652 ac
540 1610 576 1652 si
601 1610 692 1665 ipse
717 1609 759 1651 in
786 1609 932 1652 eodem
959 1621 1096 1651 errore
1126 1608 1349 1659 laboraret,
1381 1619 1463 1648 non
1495 1606 1659 1649 scilicet

125 1681 370 1723 mentientis
409 1683 505 1723 astu
543 1678 617 1726 sed
655 1680 934 1735 conpatientis
973 1679 1155 1721 affectu?
1194 1678 1305 1721 sicut
1343 1690 1391 1719 eo
1430 1677 1523 1731 ipso
1563 1677 1657 1718 loco
1694 1672 1745 1724 4¹

21 1762 25 1789 ·.
65 1770 103 1799 20
128 1752 378 1808 generaliter
413 1752 577 1794 intulit:
616 1751 800 1794 sactus
846 1764 958 1793 sum
1001 1749 1241 1792 infirmis
1287 1748 1555 1798 infirmus,
1600 1749 1659 1789 ut

22 1822 25 1825 ’
125 1823 379 1865 infirmos
412 1821 815 1872 lucrifacerem,
848 1823 896 1863 ut
928 1833 1107 1875 sequens
1141 1819 1377 1862 conclusio:
1411 1818 1656 1860 omnibus

248 1916 266 1950 1
295 1915 339 1950 cf.
366 1916 425 1950 Ps.
454 1915 534 1959 109,
559 1915 582 1950 4
609 1918 677 1950 etc.
797 1915 821 1949 4
847 1913 891 1949 cf.
916 1913 955 1948 ΙΙ
979 1913 1098 1949 Mach.
1125 1924 1153 1949 c.
1181 1914 1202 1947 7
1336 1913 1356 1947 7
1385 1911 1430 1946 cf.
1456 1910 1550 1946 Phil.
1576 1911 1610 1955 3,
1635 1910 1656 1945 8

125 1975 148 2010 8
175 1975 409 2010 obseru.—11
439 1973 592 2020 repreh]
620 1973 665 2008 cf.
690 1973 837 2008 Hieron.
865 1972 970 2018 epist.
997 1971 1098 2007 CXII
1125 1971 1168 2006 16
1235 1971 1277 2005 11
1306 1969 1483 2005 nam—19
1509 1968 1654 2014 affectu]

124 2032 171 2068 cf.
197 2032 285 2068 ibid.
313 2032 356 2067 17
410 2032 453 2066 12
481 2032 525 2066 cf.
551 2031 568 2066 I
594 2030 673 2067 Cor.
700 2031 733 2076 9,
760 2031 900 2066 20--21
958 2030 1004 2066 20
1029 2030 1046 2064 Ι
1073 2030 1151 2066 Cor.
1178 2031 1212 2074 9,
1238 2030 1283 2064 22
1334 2029 1377 2064 21
1399 2028 1437 2063 *Ι
1457 2027 1537 2064 Cor.
1557 2029 1591 2072 9,
1611 2028 1656 2062 22

16 2085 26 2125 ’κ
98 2103 103 2106 “
176 2105 198 2138 2
225 2115 313 2139 sacr.
340 2106 412 2139 uet.
442 2105 475 2139 Φ
546 2103 569 2137 4
594 2102 801 2137 machabeis
826 2103 856 2146 (s
883 2103 975 2146 eaep.)
1000 2101 1041 2136 F
1108 2101 1129 2135 5
1154 2103 1338 2146 postrema
1368 2099 1422 2134 W
1511 2098 1610 2134 istud
1634 2110 1658 2143 g

17 2156 28 2187 ἦ
129 2165 153 2199 6
177 2165 306 2209 xpiane
337 2163 498 2207 W,Bp.c.
523 2163 587 2207 (cf.
612 2173 664 2206 ep.
695 2161 813 2196 CXII
836 2164 883 2196 15
905 2161 972 2196 sub
998 2160 1077 2204 fin.)
1207 2159 1301 2204 legis
1326 2169 1394 2194 om.
1425 2158 1478 2203 W
1590 2157 1657 2192 hos

125 2224 250 2269 itaque
274 2233 299 2267 g
396 2224 415 2257 7
442 2221 540 2257 modi
565 2232 634 2256 om.
665 2221 716 2256 W
820 2231 881 2266 pr.
908 2220 956 2265 et]
982 2223 1023 2254 ut
1049 2219 1083 2253 L
1187 2218 1276 2253 dixit
1301 2219 1316 2253 l
1413 2217 1544 2252 damna
1573 2216 1658 2252 We>

126 2283 294 2318 damnare
322 2286 384 2318 cet.
483 2282 548 2317 alt.
576 2282 624 2326 et]
652 2281 739 2315 add.
767 2283 807 2315 ut
830 2279 1040 2315 FDMGzB
1106 2279 1128 2314 8
1154 2277 1421 2313 obseruationis
1446 2275 1658 2312 Fa.c.m2D

123 2342 147 2377 9
173 2342 217 2387 si]
245 2341 444 2377 secundum
476 2342 518 2385 Φ,
544 2351 612 2375 om.
643 2339 695 2374 W
762 2339 865 2374 ‘mori
895 2340 927 2373 Φ
1005 2338 1099 2373 sicut
1130 2337 1214 2372 We>
1238 2337 1333 2372 sicut
1359 2338 1395 2371 et
1420 2340 1484 2371 cet.
1564 2335 1657 2370 cele-

124 2400 249 2436 bratae
275 2411 299 2445 g
324 2399 520 2435 caelebrati
549 2398 580 2433 Ο
603 2398 782 2434 celebrata
812 2401 875 2433 cet.
981 2397 1026 2432 10
1050 2395 1282 2431 necessitatis
1312 2396 1344 2429 Φ
1463 2406 1536 2429 non
1561 2392 1657 2429 sicut

123 2459 334 2495 FDMCJB
408 2458 621 2494 celebranda
639 2457 710 2504 513(b
737 2457 923 2500 m2)Ba.c.
951 2454 1215 2491 caelebrandan
1239 2454 1319 2499 (sic)
1349 2455 1381 2489 Φ
1453 2455 1585 2500 putant
1611 2453 1662 2487 W

127 2520 169 2555 11
198 2519 351 2555 falsitati
378 2519 419 2554 F
511 2517 743 2564 reprehendit
772 2518 804 2551 Φ
885 2516 928 2550 12
955 2515 1040 2560 quia
1065 2526 1109 2550 ex
1133 2515 1195 2560 qni
1219 2515 1251 2558 ΣΒ
1378 2513 1563 2548 simulabit
1587 2512 1656 2557 §BL

127 2580 172 2615 13
198 2590 271 2614 non
298 2579 406 2614 etiam
439 2579 523 2614 ΨΦ
548 2578 657 2613 etiam
682 2589 753 2612 non
780 2581 843 2612 cet.
942 2575 1162 2610 sacrificabit
1184 2574 1255 2620 ‘BL
1329 2574 1374 2608 14
1401 2573 1443 2608 iis
1468 2584 1503 2618 g,
1530 2583 1597 2608 om.
1622 2573 1655 2616 ‘B

126 2639 171 2674 15
196 2639 259 2673 ille
285 2638 374 2673 facit
404 2639 435 2672 Φ
508 2638 563 2683 ut]
592 2639 629 2672 et
653 2636 704 2671 W
763 2637 806 2671 16
834 2635 905 2670 dixi
932 2634 984 2669 W
1003 2634 1105 2669 duxit
1134 2635 1165 2668 Φ
1237 2635 1278 2668 ut
1303 2644 1374 2667 non
1399 2633 1431 2666 Φ
1492 2632 1534 2666 17
1561 2631 1654 2675 mis]

126 2697 214 2732 add.
242 2697 293 2733 eis
323 2698 519 2742 arnume.
546 2697 612 2741 ita]
639 2696 711 2731 ista
735 2697 767 2729 Φ
853 2695 896 2730 18
923 2693 1056 2729 sentire
1086 2694 1118 2727 Φ
1212 2692 1282 2727 hac
1305 2690 1396 2736 ‘BW
1488 2690 1530 2735 si]
1557 2701 1595 2724 se
1623 2690 1656 2724 Φ

126 2767 281 2791 errorem
307 2755 472 2791 Fa.c.W
495 2766 570 2790 erro
595 2755 628 2799 ‘B
752 2754 794 2788 19
820 2753 928 2788 hastu
955 2753 968 2787 l
994 2753 1074 2786 artu
1099 2751 1139 2786 F
1244 2750 1373 2785 effectu
1403 2748 1433 2783 (J
1539 2749 1616 2794 ipse
1643 2748 1656 2782 l

123 2815 170 2850 21
196 2815 346 2850 infirmis
372 2815 466 2850 Fcn
523 2814 576 2858 ut]
605 2816 642 2848 et
666 2812 740 2847 ΕΦ
813 2811 971 2847 conclusi
1001 2810 1053 2846 W
1121 2809 1286 2844 omnibus
1314 2808 1432 2843 omnia
1465 2807 1515 2841 W
1536 2806 1656 2842 omnia

125 2874 177 2918 (in
203 2874 288 2910 add.
320 2875 365 2919 Φ)
392 2873 556 2908 omuibus
583 2877 645 2907 cet.
