1884 3254
249 263 332 304 390
792 259 945 294 Sancti
972 258 1226 302 Hieronymi

246 391 472 444 neglegens
505 401 549 431 se
582 388 634 431 ad
665 386 887 430 ecclesiam
917 385 1147 428 transtulit.
1180 385 1273 439 quis
1305 385 1386 428 hoc
1417 386 1583 428 nolente
1615 387 1768 430 fuisset

247 459 466 502 innoxius?
500 471 623 511 quem
656 457 928 499 criminosum
961 468 1040 497 non
1074 455 1200 498 huius
1239 458 1452 498 seruasset
1491 456 1636 507 oratio,
1669 469 1764 498 cum

248 530 456 583 coepisset
487 529 526 570 iu
561 528 716 582 digitos
748 526 895 580 partiri
928 539 1100 568 causam
1133 527 1175 568 et
1211 517 1554 580 syllogismorum
1593 540 1766 571 suorum

247 599 350 641 retia
387 598 583 640 tendere?
623 610 718 638 nam
757 596 793 638 si
830 596 1087 651 adplosisset
1123 595 1286 650 pedem,
1318 596 1568 640 intendisset
1606 597 1766 649 oculos,

246 670 439 723 rugasset
469 668 663 718 frontem,
696 667 897 709 iactasset
933 679 1124 716 manum,
1151 666 1279 708 uerba
1316 669 1540 717 tornasset,
1573 668 1766 711 tenebras
1808 681 1827 709 5
1882 678 1884 680 ·

190 748 196 756 ·
245 739 342 781 ilico
381 740 474 780 ante
514 738 656 779 oculos
694 737 907 779 iudicibus
946 736 1180 780 offudisset.
1219 749 1295 779 1166
1338 737 1504 790 mirum,
1543 738 1580 780 si
1615 751 1683 781 me
1727 741 1770 782 et

246 809 461 851 absentem
500 810 542 849 et
579 807 662 849 iam
695 807 767 850 diu
805 808 963 863 absque
995 820 1078 850 usu
1109 807 1280 850 Latinae
1311 807 1481 863 linguae
1515 808 1768 851 semibarba-

245 891 420 933 rumque
462 879 587 920 homo
632 878 932 921 Latinissimus
976 880 1019 920 et
1066 878 1394 921 facundissimus
1446 881 1628 932 superet,
1672 891 1767 922 cum

245 950 507 1004 praesentem
547 945 814 992 Iouinianum
858 973 914 978 —
957 950 1057 992 Iesu
1101 949 1222 1000 bone,
1267 950 1435 1004 qualem
1479 951 1520 992 et
1564 951 1767 1004 quantum

245 1020 397 1076 uirum,
425 1020 544 1075 cuius
571 1032 692 1061 nemo
719 1021 877 1075 scripta
901 1020 1180 1075 intellegeret,
1207 1021 1280 1074 qui
1305 1020 1387 1062 sibi
1412 1022 1575 1062 tantum
1603 1021 1769 1063 caneret
1792 1033 1828 1063 ιο

246 1093 288 1134 et
318 1090 474 1133 Musis!
509 1115 562 1120 —
598 1091 861 1144 eloquentiae
895 1104 996 1133 suae
1028 1092 1137 1133 mole
1170 1091 1441 1146 oppresserit.

303 1161 340 1203 3.
380 1160 544 1213 Quaeso
584 1161 716 1216 igitur
752 1163 808 1212 te,
847 1164 967 1216 pater
1004 1162 1233 1212 carissime,
1273 1164 1322 1204 ut
1358 1174 1529 1204 moneas
1570 1149 1680 1212 eum,
1716 1174 1767 1204 ne

243 1231 440 1284 loquatur
471 1234 614 1274 contra
646 1232 908 1288 propositum
943 1246 1080 1284 suum,
1113 1245 1163 1275 ne
1196 1233 1434 1276 castitatem
1466 1232 1615 1274 habitu
1645 1232 1768 1287 polli-

244 1314 339 1343 cens
377 1301 515 1344 uerbis
561 1302 763 1354 destruat,
805 1316 855 1344 ne
900 1302 1020 1366 uirgo
1065 1303 1135 1345 uel
1172 1303 1388 1345 continens
1429 1327 1485 1332 —
1527 1301 1619 1357 ipse
1657 1302 1766 1344 enim
1874 1350 1884 1372 A

244 1372 409 1424 uiderit,
444 1373 545 1427 quid
577 1383 668 1416 esse
701 1387 746 1416 se
777 1374 907 1416 iac-tet
937 1398 996 1405 —
1027 1374 1200 1417 maritos
1233 1374 1469 1429 uirginibus
1504 1374 1701 1428 conparet
1725 1374 1768 1415 et
1792 1387 1827 1416 15

243 1443 397 1485 frustra
426 1444 630 1487 aduersus
662 1445 876 1487 hominem
909 1445 1237 1487 disertissimum
1263 1446 1379 1486 tanto
1411 1446 1601 1503 tempore
1634 1443 1766 1499 digla-

243 1513 380 1555 diatus
413 1514 479 1555 sit.
506 1514 629 1557 audio
656 1517 870 1568 praeterea
896 1529 992 1557 eum
1016 1515 1196 1558 libenter
1222 1515 1432 1570 uirginum
1466 1517 1508 1556 et
1540 1514 1765 1574 uiduarum

245 1584 418 1625 cellulas
457 1584 676 1627 circumire
714 1588 756 1628 et
792 1586 974 1628 adducto
1015 1586 1239 1641 supercilio
1285 1586 1334 1627 de
1378 1585 1507 1627 sacris
1544 1585 1653 1627 inter
1695 1596 1764 1627 eas

243 1654 395 1696 litteris
428 1655 728 1710 philosophari.
757 1656 858 1710 quid
875 1657 925 1699 'in
965 1659 1139 1708 secreto,
1181 1656 1280 1711 quid
1306 1657 1349 1698 in
1375 1656 1571 1698 cubiculo
1598 1655 1766 1697 mulier-
1875 1667 1884 1708 ᾖ

246 1725 360 1767 culas
401 1726 550 1769 docet?
588 1729 638 1769 ut
673 1727 752 1769 hoc
791 1727 927 1770 sciant
964 1741 1056 1770 esse
1094 1728 1294 1782 uirgines,
1335 1727 1447 1781 quod
1491 1726 1678 1776 maritas,
1716 1727 1826 1769 uteo
1876 1719 1884 1759 ῗ

243 1795 384 1838 florem
412 1797 562 1839 aetatis
588 1811 668 1840 non
695 1799 931 1853 neglegant,
952 1801 1001 1841 ut
1026 1798 1249 1840 comedant
1274 1800 1314 1839 et
1340 1796 1498 1849 bibant,
1525 1799 1573 1838 ut
1597 1795 1765 1838 balneas

244 1866 403 1917 adeant,
438 1868 665 1909 munditias
698 1869 908 1922 adpetant,
942 1870 1158 1924 unguenta
1183 1880 1263 1911 non
1296 1869 1519 1922 spernant?
1548 1879 1597 1908 an
1630 1866 1765 1920 magis

244 1938 487 1990 pudicitiam
521 1941 563 1982 et
593 1940 749 1982 ieiunia
782 1942 824 1981 et
844 1940 1059 1982 'inluuiem
1098 1940 1312 1995 corporis?
1350 1939 1499 1993 utique
1538 1939 1613 1980 illa
1650 1949 1765 1991 prae-

362 2066 382 2099 6
410 2064 453 2099 cf.
480 2064 603 2100 Cicero
630 2076 686 2110 ap.
715 2065 865 2109 Quintil.
893 2066 919 2110 i,
943 2078 975 2101 o.
1002 2066 1038 2101 ΙΙ
1066 2066 1119 2107 17,
1145 2066 1188 2101 21

295 2135 309 2167 1
339 2134 491 2169 ecclesia
514 2135 678 2170 trastulit
703 2135 742 2170 D
861 2136 1007 2171 uolente
1031 2148 1055 2181 g
1198 2137 1220 2171 3
1247 2136 1372 2182 digitis
1395 2148 1420 2181 g
1538 2135 1673 2182 partire
1698 2133 1767 2169 ΣΙ)

245 2193 473 2237 syllogissim.
498 2193 594 2229 Jaan
621 2195 807 2240 sillogism.
834 2195 869 2229 Β
896 2195 1069 2241 silogism.
1095 2195 1297 2230 Za.c.m2D
1369 2196 1391 2230 4
1417 2195 1448 2230 si
1472 2206 1499 2229 s.
1528 2195 1552 2230 l.
1578 2194 1611 2229 Σ
1702 2192 1765 2228 ad·-

245 2251 419 2295 plodisset
442 2253 474 2287 J
495 2254 708 2298 aplausisset
734 2255 769 2288 Β
842 2255 862 2288 5
888 2266 1035 2299 rugasse
1062 2254 1100 2288 D
1177 2254 1346 2300 frontem]
1373 2253 1502 2289 faciem
1527 2254 1563 2288 Β
1637 2252 1764 2297 uerba]

244 2310 390 2344 barbam
414 2323 438 2355 g
544 2313 736 2358 tornasset]
763 2314 822 2348 uel
848 2313 944 2358 (del.)
973 2315 1030 2348 tor
1053 2314 1151 2358 (del.)
1177 2315 1342 2348 tonasset
1366 2314 1401 2347 B
1498 2313 1519 2347 6
1546 2313 1644 2358 ante]
1673 2311 1717 2346 ob
1741 2322 1766 2355 g

244 2368 350 2403 effud.
376 2370 448 2404 iud.
474 2370 548 2405 DB
646 2376 681 2406 et
705 2383 732 2407 s.
760 2373 782 2407 l.
810 2373 848 2416 Σ,
876 2384 942 2408 om.
967 2373 1001 2408 J
1081 2375 1099 2408 7
1126 2374 1197 2408 iam
1226 2373 1285 2408 diu
1312 2374 1349 2408 et
1371 2384 1396 2417 g
1474 2371 1763 2417 semigrae(e)cu—

243 2428 316 2461 lum
340 2428 601 2474 barbarumque
628 2431 799 2475 EpeDB
930 2433 951 2467 8
977 2431 1169 2478 facundis(i
1189 2443 1232 2467 ex
1251 2443 1274 2467 u
1293 2431 1511 2476 m2J)simus
1532 2432 1574 2473 (3.
1595 2430 1618 2464 l.
1637 2431 1701 2464 m2
1719 2429 1765 2473 Σ)

242 2485 303 2520 «ΤΣ
371 2487 392 2521 9
418 2491 605 2531 praesente
631 2489 814 2523 iouiniano
840 2490 876 2523 Β
947 2490 1050 2525 hiesu
1075 2490 1113 2524 D
1179 2490 1219 2525 11
1248 2501 1366 2525 musas
1392 2489 1428 2524 B
1500 2487 1765 2535 eloquentiaD

244 2544 459 2589 opprimeret
484 2546 627 2589 (imeret
650 2547 691 2581 in
718 2558 789 2582 ras.
815 2550 891 2591 ⁷722)
918 2548 952 2582 B
1045 2549 1087 2583 12
1114 2551 1150 2584 te
1177 2560 1244 2585 om.
1270 2549 1306 2583 Β
1398 2549 1441 2584 13
1467 2547 1710 2593 praepositum
1736 2546 1769 2581 J

243 2603 412 2639 castitate
436 2603 503 2639 JD
578 2606 620 2639 15
646 2605 759 2640 iactet
785 2609 820 2640 et
838 2607 869 2640 J
961 2607 1106 2642 maritas
1130 2608 1159 2643 J
1183 2608 1374 2643 maritatos
1393 2608 1485 2652 Σμο.
1563 2607 1605 2642 16
1633 2605 1762 2641 disser-

242 2661 418 2697 tissimum
444 2662 655 2708 Jz'D,Ba.r.
710 2665 752 2699 18
779 2665 927 2700 circuire
952 2667 988 2700 B
1040 2667 1081 2701 19
1107 2666 1210 2712 phil.]
1238 2666 1422 2712 disputare
1440 2665 1473 2700 J
1516 2665 1562 2701 20
1587 2665 1706 2700 sciunt
1725 2663 1764 2698 D

241 2722 427 2757 maritatas
451 2722 718 2767 JZDBp.c.m2
742 2724 910 2758 maritate
936 2725 1105 2760 Ba.c.m2
1128 2725 1279 2760 maritae
1302 2737 1326 2771 g
1432 2726 1476 2760 21
1506 2725 1570 2760 alt.
1596 2724 1652 2768 nt]
1679 2724 1716 2758 et
1738 2734 1763 2767 ς

242 2780 287 2814 22
314 2783 474 2826 ungenta
498 2781 637 2817 Σα.6.Β
714 2783 845 2828 magis]
871 2783 957 2818 add.
984 2783 1028 2818 ad
1052 2785 1113 2820 .]Σ
1181 2785 1226 2821 23
1251 2785 1423 2820 inluuiam
1449 2785 1488 2819 D
1512 2784 1710 2830 ingluuiem
1734 2782 1767 2818 J

243 2839 271 2871 si
300 2839 423 2884 utique
450 2840 486 2874 Β
