1890 3282
376 848 614 892 LECTORI
645 847 944 892 BENEUOLO
977 849 1184 892 EDITOR
1218 849 1260 892 S.
1293 851 1338 892 P.
1375 851 1423 893 D.

197 944 462 998 Quamquam
482 943 608 985 huius
629 942 827 986 editionis
846 943 1049 985 rationem
1065 943 1477 998 consiliumquetoto
1493 945 1661 986 demum

137 1028 261 1069 opere
287 1014 339 1056 ad
363 1014 487 1056 finem
513 1014 716 1068 perducto
744 1026 805 1065 ea,
833 1026 914 1068 qua
939 1026 1014 1068 par
1039 1013 1131 1066 erit,
1159 1014 1378 1070 diligentia
1397 1015 1662 1069 expositurus

136 1099 245 1136 sum,
283 1088 423 1127 tamen
460 1085 545 1127 iam
582 1084 681 1127 huic
718 1084 853 1139 primo
892 1084 1101 1126 uolumini
1139 1097 1271 1139 pauca
1308 1085 1512 1139 quaedam
1549 1099 1663 1140 prae-

135 1156 340 1199 mittenda
383 1157 495 1198 sunt.
546 1155 600 1197 Et
649 1155 830 1209 primum
881 1155 1052 1209 quidem
1102 1168 1187 1207 eos,
1239 1156 1311 1210 qui
1359 1156 1437 1199 hac
1480 1156 1663 1199 editione

134 1228 324 1277 utuntur,
364 1226 471 1268 scire
508 1225 606 1268 uolo
646 1226 826 1267 alterum
863 1225 955 1268 eius
987 1226 1187 1269 uolumen
1219 1225 1295 1282 (=
1327 1228 1414 1270 uol.
1444 1226 1537 1284 LV)
1569 1240 1663 1270 con-

132 1297 271 1339 tinens
321 1296 526 1350 epistulas
575 1294 886 1338 LXXI—CXX
925 1308 1030 1338 anno
1077 1297 1187 1338 1911
1240 1296 1502 1351 proditurum
1549 1309 1661 1347 esse;

133 1368 303 1410 tertium
342 1368 483 1410 autem
522 1365 599 1422 (=
630 1368 717 1409 uol.
750 1366 877 1422 LVI),
916 1366 984 1408 cui
1021 1366 1188 1409 inerunt
1222 1367 1408 1421 reliquae
1440 1367 1660 1422 epistulae,

132 1437 305 1487 indices,
338 1438 650 1493 prolegomena,
683 1437 849 1480 duobus
882 1437 1000 1479 annis
1030 1439 1130 1492 post
1160 1437 1320 1492 publici
1351 1438 1424 1480 fiet
1454 1438 1572 1482 iuris.

191 1509 237 1550 In
289 1508 429 1550 uerbis
472 1508 719 1564 Hieronymi
770 1508 1079 1551 constituendis
1125 1508 1376 1551 coniecturis
1419 1521 1511 1551 raro
1556 1522 1660 1563 opus

132 1581 238 1629 e1·at;
279 1579 430 1634 quodsi
467 1579 593 1622 huius
634 1578 832 1621 editionis
869 1581 1010 1621 textus
1047 1579 1178 1622 nihilo
1216 1579 1356 1622 minus
1389 1580 1493 1622 satis
1525 1579 1662 1622 differt

131 1663 154 1691 a
173 1652 288 1692 textu
310 1650 500 1706 uulgato,
523 1650 566 1691 id
591 1649 686 1692 inde
712 1649 987 1704 repetendum
1013 1651 1092 1702 est,
1113 1650 1226 1704 quod
1250 1650 1355 1692 mihi
1379 1650 1509 1693 libros
1535 1663 1660 1692 manu

131 1721 310 1774 scriptos
351 1721 633 1775 perscrutanti
671 1723 714 1763 et
752 1722 826 1763 aut
861 1721 996 1775 primo
1034 1721 1076 1762 in
1114 1734 1241 1764 usum
1277 1721 1448 1763 uocanti
1485 1723 1572 1773 aut,
1596 1722 1658 1763 'ni

130 1792 265 1840 fallor,
304 1791 462 1834 rectius
501 1791 743 1834 aestimanti
780 1791 982 1834 uberrimi
1018 1791 1528 1846 laetissimique-fructus
1565 1805 1659 1846 pro-

130 1865 349 1906 uenerunt.
382 1863 428 1904 In
461 1862 587 1905 rebus
620 1861 958 1917 orthographicis
997 1863 1154 1905 omisso
1195 1862 1309 1905 omni
1345 1863 1658 1917 aequabilitatis

131 1933 270 1975 studio
305 1926 488 1987 optimos
528 1932 693 1976 codices
737 1933 857 1987 sequi
895 1933 1030 1976 satius
1070 1932 1180 1975 duxi.
1218 1933 1333 1976 Inter
1370 1933 1548 1984 codices,
1587 1934 1659 1987 qui

131 2003 310 2046 alicuius
342 2003 466 2059 pretii
496 2004 678 2047 habendi
709 2006 821 2055 sunt,
854 2017 904 2046 ne
935 2017 1045 2046 unus
1078 2003 1247 2058 quidem
1281 2017 1424 2047 omnes
1451 2004 1658 2059 epistulas

131 2075 428 2128 conplectitur:
473 2077 638 2118 exstant
682 2076 787 2118 satis
826 2075 966 2129 ampla
1003 2087 1175 2130 corpora
1213 2075 1492 2129 epistularum
1530 2076 1657 2117 selec-

129 2150 282 2196 tarum,
323 2149 486 2189 exstant
518 2146 698 2197 codices,
737 2159 916 2200 quorum
949 2146 1109 2201 singuli
1140 2146 1362 2200 conplures
1394 2146 1463 2188 uel
1494 2146 1658 2200 paucis-

130 2217 259 2259 simas
285 2218 578 2260 tantummodo
600 2218 806 2272 epistulas
828 2217 1055 2268 continent,
1085 2218 1250 2259 exstant
1267 2216 1446 2270 denique
1466 2219 1658 2271 excerpta

132 2287 335 2341 quaedam
380 2301 427 2329 ex
466 2288 662 2342 epistulis
700 2287 1038 2342 Hieronymianis
1077 2288 1245 2329 saeculo
1283 2287 1368 2328 iam
1408 2290 1524 2329 sexto
1564 2299 1656 2329 con-

129 2358 254 2409 fecta,
281 2371 459 2411 quorum
484 2360 621 2400 tamen
650 2357 833 2411 pretium
855 2357 1086 2400 scribarum
1105 2357 1276 2399 licentia
1294 2357 1418 2399 ualde
1437 2357 1655 2399 minuitur.

129 2427 276 2482 Neque
303 2441 350 2470 ea
377 2431 442 2471 est
468 2428 661 2471 codicum
688 2428 892 2478 condicio,
919 2430 969 2470 ut
994 2440 1102 2470 unus
1130 2427 1281 2469 saltem
1307 2428 1377 2470 uel
1403 2427 1508 2470 alter
1532 2428 1655 2470 inter-

130 2498 415 2553 polationibus
440 2512 612 2555 prorsus
639 2501 795 2549 careat3
827 2500 956 2542 immo
983 2499 1109 2541 etiam
1135 2499 1177 2540 in
1205 2499 1512 2542 uetustissimis
1537 2499 1656 2541 libris

128 2569 245 2612 locos
285 2570 636 2625 deprehendimus
674 2570 745 2613 uel
780 2569 1055 2625 interpolatos
1093 2569 1163 2612 uel
1201 2569 1387 2624 grauiter
1424 2572 1655 2625 corruptos

129 2640 247 2682 Adde
285 2641 398 2695 quod
435 2641 539 2683 satis
578 2653 702 2695 saepe
742 2640 931 2683 eiusdem
971 2640 1127 2683 codicis
1166 2640 1358 2695 singulae
1395 2643 1534 2695 partes
1574 2654 1653 2682 non

130 2710 318 2753 eiusdem
363 2714 461 2753 sunt
503 2710 639 2765 pretii.
684 2709 815 2766 Sigla,
860 2711 1014 2765 quibus
1059 2711 1250 2766 singulos
1295 2711 1459 2753 codices
1500 2711 1656 2762 notaui,

131 2780 235 2822 satis
273 2780 420 2831 multa,
465 2781 539 2823 sed
575 2781 636 2823 ita
674 2783 898 2835 conparata
935 2783 1047 2832 sunt,
1092 2782 1142 2823 ut
1177 2793 1250 2835 per
1285 2781 1419 2823 totius
1459 2780 1653 2823 editionis

130 2850 335 2893 ambitum
369 2851 526 2907 singuli
556 2851 654 2894 libri
684 2865 809 2894 manu
842 2851 990 2905 scripti
1021 2851 1166 2894 eadem
1199 2864 1365 2906 semper
1395 2854 1493 2894 nota
1525 2851 1654 2907 signi-

128 2922 316 2964 ficentur.
345 2922 562 2965 Lectiones
589 2922 852 2976 superiorum
881 2922 1111 2965 editionum
1138 2922 1245 2979 siglo
1272 2940 1293 2969 ς
1319 2922 1653 2976 conprehendere
