1884 3254
251 299 336 341 378
794 294 945 328 Sancti
971 293 1223 337 Hieronymi

253 427 475 475 sustineat3
503 425 574 478 qui
600 437 679 466 non
707 425 860 477 potest,
884 421 975 475 ipse
1001 421 1166 463 uiderit.
1193 421 1312 463 nobis
1339 434 1437 463 cura
1463 424 1528 463 est
1553 435 1648 472 non,
1668 422 1770 476 quid

252 496 542 550 unusquisque
574 494 710 548 possit
740 496 813 534 aut
845 492 961 540 uelit,
995 492 1082 540 sed,
1114 491 1215 544 quid
1241 492 1472 545 scripturae
1500 484 1786 546 ‘praecipiants

254 568 404 608 dicere.
1627 564 1629 566 ’

316 637 382 677 16.
412 635 525 676 Illud
557 645 722 687 quoque
753 633 793 673 in
832 631 1186 674 commentariolis
1225 632 1330 674 meis
1368 633 1558 674 eiusdem
1591 634 1772 687 apostoli

255 706 449 759 carpitur,
475 705 516 745 in
545 703 697 757 quibus
724 702 828 744 dixi:
854 715 1023 744 uerum
1056 692 1254 755 nequis
1287 705 1432 757 putet
1463 716 1515 744 ex
1548 715 1615 754 eo,
1643 704 1771 758 quod
1810 717 1828 746 ⁵

255 776 501 830 sequitur:
534 778 602 816 ‘ut
633 773 830 815 uacetis
865 772 1081 815 orationi
1113 774 1162 814 et
1192 773 1373 815 iterum
1407 773 1465 815 ad
1495 773 1545 816 id
1575 773 1769 829 ipsum’‚

255 848 538 902 apostolum
571 845 660 887 hoc
692 844 826 886 uelle
864 847 912 886 et
944 856 1035 886 non
1066 845 1272 897 propter
1308 844 1543 886 maiorem
1580 845 1770 888 ruinam

256 917 537 966 concedere,
559 915 731 958 statim
757 915 931 957 infert:
953 919 1023 956 ‘ne
1049 917 1266 967 temptet
1289 928 1379 958 uos
1407 918 1608 958 satanas
1633 929 1772 970 prop-

255 991 329 1031 ter
360 986 780 1029 incontinentiam
812 987 1058 1028 uestram’.
1096 986 1304 1039 pulchra
1339 986 1573 1028 nimirum
1611 986 1772 1028 indul·

257 1059 442 1114 gentia:
483 1059 544 1098 ‘et
581 1057 762 1098 iterum
801 1055 858 1097 ad
895 1056 945 1097 id
981 1056 1179 1109 ipsum'!
1219 1056 1348 1110 quod
1387 1057 1644 1098 erubescit
1681 1068 1771 1100 suo
1797 1071 1832 1100 10

258 1141 433 1170 uocare
478 1127 689 1176 nomine,
735 1125 865 1180 quod
908 1126 1231 1180 temptationi
1282 1127 1508 1180 praefert
1551 1130 1772 1176 satanae,

258 1198 385 1251 quod
418 1206 613 1239 cansam
653 1196 804 1238 habet
840 1195 1271 1246 incontinentiam,
1304 1197 1591 1239 laboramus
1630 1197 1773 1251 quasi

258 1270 519 1311 obscurum
548 1268 811 1316 disserere,
840 1279 947 1308 cum
974 1268 1266 1322 exposuerit
1291 1280 1340 1309 se
1366 1267 1488 1321 ipse,
1511 1268 1598 1321 qui
1625 1260 1774 1322 scrip-

257 1341 343 1381 sit:
376 1340 480 1381 ‘hoc
513 1341 706 1388 autem’,
738 1338 915 1396 inquit,
949 1338 1074 1380 5dico
1101 1338 1241 1380 iuxta
1272 1338 1656 1394 indulgentiam,
1684 1350 1774 1381 non

256 1411 394 1452 iuxta
430 1409 737 1464 imperium'?
776 1411 824 1450 et
859 1408 1188 1451 mussitamus
1233 1409 1392 1450 adhuc
1436 1409 1639 1463 nuptias
1682 1422 1774 1451 non
1800 1426 1836 1454 ιο
1880 1427 1884 1459 ζ

258 1493 434 1523 uocare
455 1480 835 1535 indulgentiam,
858 1480 942 1521 sed
962 1483 1297 1534 praeceptum,
1319 1480 1579 1534 quasinon
1606 1479 1774 1522 eodem
1881 1475 1884 1478 ’

257 1551 396 1594 modo
443 1554 489 1592 et
533 1549 750 1592 secunda
781 1553 830 1592 et
859 1551 1012 1592 tertia
1049 1551 1366 1592 matrimonia
1397 1550 1774 1599 concedantur?,

261 1624 302 1664 et
330 1622 501 1675 reliqua.
533 1622 633 1676 quid
664 1622 732 1663 hic
763 1623 933 1664 locutus
966 1635 1074 1673 sum,
1101 1622 1212 1675 quod
1238 1635 1318 1664 non
1351 1622 1569 1676 apostolus
1601 1617 1780 1664 dixerit?

259 1693 455 1734 nimirum
487 1692 613 1733 illud:
649 1692 777 1745 quod
810 1692 1068 1734 erubescit
1099 1705 1186 1734 suo
1225 1705 1404 1734 uocare
1442 1692 1665 1734 nomine?
1698 1704 1777 1747 ego

260 1764 446 1816 arbitror,
477 1763 642 1817 quando
682 1763 786 1805 dicit
817 1763 883 1804 ‘ad
918 1763 962 1804 id
994 1763 1148 1817 ipsum‘
1181 1765 1224 1805 et
1252 1776 1342 1804 rem
1373 1763 1507 1817 ipsam
1539 1765 1666 1812 tacet,
1698 1775 1777 1805 non
1803 1774 1844 1806 so·

259 1847 355 1875 eum
380 1834 591 1875 nominare
617 1834 754 1888 palam
781 1833 955 1882 coitum,-
981 1833 1055 1875 sed
1086 1833 1320 1875 uerecunde
1352 1833 1582 1875 ostendere.
1607 1845 1657 1874 an
1683 1832 1780 1887 quia

260 1905 467 1958 sequitur:
500 1905 628 1958 quod
659 1904 982 1966 temptationi
1014 1905 1235 1957 praefert
1267 1907 1484 1954 satanae,
1518 1903 1646 1958 quod
1673 1916 1776 1945 cau-

377 2032 397 2065 5
423 2031 503 2065 adu.
530 2031 605 2066 Iou.
632 2031 648 2064 I
675 2032 696 2065 8
769 2032 801 2066 6.
831 2031 886 2066 10.
912 2031 958 2065 20
985 2030 1024 2065 *I
1050 2030 1128 2066 Cor.
1158 2032 1189 2075 7,
1217 2031 1237 2064 5
1312 2031 1333 2065 8
1359 2030 1377 2065 I
1404 2029 1482 2067 Cor.
1503 2031 1536 2074 7,
1556 2030 1577 2065 5
1670 2031 1715 2066 14
1739 2030 1778 2064 *Ι

259 2089 338 2124 Cor.
365 2090 396 2129 7,
424 2090 445 2124 6

309 2174 323 2206 l
354 2182 458 2207 curae
484 2172 746 2216 KII,¹I‘p.c.m2
853 2173 936 2218 non]
963 2183 1047 2207 num
1073 2172 1224 2207 Ilassffl
1268 2195 1269 2198 =
1343 2172 1438 2217 quod
1465 2172 1499 2206 Β
1589 2173 1610 2206 2
1636 2172 1713 2216 aut]
1741 2173 1780 2205 at

258 2232 361 2267 Ba.c.
410 2232 432 2265 4
459 2232 614 2276 quoque]
644 2231 731 2266 add,
758 2231 852 2276 quod
881 2232 905 2266 d
961 2233 982 2267 5
1009 2231 1099 2266 dixit
1124 2231 1269 2267 K.ssa.r.
1327 2233 1348 2266 6
1374 2234 1416 2266 ut
1440 2242 1507 2266 om.
1534 2231 1570 2265 Β
1640 2231 1777 2265 uacetis

257 2290 365 2324 (aceti
390 2290 430 2323 in
455 2301 527 2324 ras.
554 2292 630 2331 m2)
657 2291 692 2323 Β
789 2289 890 2324 addit
916 2290 1032 2335 ipsum
1054 2290 1137 2325 ΚΨ
1159 2290 1204 2325 ad
1229 2291 1347 2335 ipsum
1365 2290 1405 2324 D
1428 2289 1653 2324 reuertimini
1676 2289 1714 2323 in
1739 2288 1777 2322 id

257 2348 372 2392 ipsum
399 2348 434 2381 B
454 2347 498 2382 ad
517 2348 554 2381 id
574 2349 691 2393 ipsum
711 2349 934 2383 reuertimini
957 2359 982 2392 g
1044 2351 1063 2383 7
1090 2349 1184 2383 uelle
1211 2349 1280 2383 hoc
1305 2349 1382 2384 AD
1449 2349 1493 2383 10
1518 2348 1661 2393 iterum]
1689 2347 1776 2382 add.

257 2407 478 2440 reuertimini
502 2418 527 2450 5·
623 2408 663 2440 11
692 2418 820 2441 uocare
844 2408 885 2441 in
909 2418 984 2443 ras.
1008 2409 1072 2441 m2
1096 2408 1132 2441 Β
1157 2408 1277 2442 uocari
1308 2407 1342 2441 Ψ
1435 2407 1713 2451 temptationem
1743 2405 1781 2440 Ψ

259 2464 302 2498 12
327 2464 411 2498 hab.
438 2465 504 2499 inc.
530 2465 571 2498 in
589 2475 663 2499 ras.
685 2467 745 2498 2222
763 2466 798 2499 Β
870 2465 1154 2500 incontinentiae
1175 2465 1200 2499 d
1223 2465 1463 2500 incontinenti
1486 2465 1588 2509 Ilps.
1640 2465 1683 2499 13
1699 2465 1776 2509 ipse

257 2533 296 2557 se
321 2525 342 2557 Β
485 2524 538 2567 se]
566 2535 637 2557 rem
664 2524 700 2557 B
833 2524 990 2569 scripsit]
1014 2535 1042 2559 s.
1070 2524 1093 2558 l.
1121 2524 1208 2559 add.
1232 2525 1250 2558 l
1275 2524 1402 2559 scribit
1426 2527 1447 2558 B
1588 2524 1632 2558 14
1656 2527 1776 2558 antem

256 2592 324 2617 om.
350 2582 428 2616 AD
523 2581 601 2616 dico
629 2582 747 2627 inquit
771 2594 795 2626 g
892 2583 934 2617 15
960 2583 1070 2628 iuxta]
1098 2583 1291 2618 secundum
1316 2594 1341 2628 g
1441 2594 1548 2617 muss.
1575 2582 1775 2623 EKMHJJ.

256 2651 346 2676 mue.
372 2645 433 2676 cet.
548 2652 619 2675 non
645 2642 736 2685 uoc.]
765 2642 930 2676 inuocare
956 2643 994 2677 D
1019 2653 1090 2677 non
1117 2643 1237 2677 uocari
1264 2642 1366 2686 Hp.c.
1464 2642 1508 2677 18
1535 2642 1620 2687 qnid
1645 2642 1714 2676 hoc
1737 2641 1777 2676 D

258 2702 295 2735 et
320 2699 406 2745 quid
430 2700 489 2735 hic
516 2700 540 2734 d
659 2710 715 2744 ap.
742 2711 810 2734 non
837 2701 979 2735 AssD'I‘
1076 2702 1118 2736 19
1145 2701 1241 2746 quod
1265 2701 1354 2736 illud
1381 2702 1407 2736 d
1526 2700 1715 2735 erubescat
1742 2700 1779 2734 Ψ

257 2759 400 2794 erubuit
419 2759 454 2792 B
551 2759 671 2793 uocari
696 2759 732 2793 Ψ
827 2770 892 2804 ego
919 2762 951 2802 (e
977 2761 1017 2794 in
1043 2772 1117 2795 ras.
1146 2763 1222 2804 m2)
1248 2760 1283 2794 Β
1308 2771 1393 2805 ergo
1413 2760 1449 2794 A
1520 2760 1566 2794 20
1592 2760 1638 2794 ad
1663 2770 1731 2795 om.
1751 2759 1777 2794 d

256 2818 293 2852 id
319 2828 386 2853 om.
412 2818 559 2853 KsDw
633 2820 732 2853 tacet
757 2819 809 2862 (ia
832 2818 874 2853 in
898 2829 970 2853 ras.
998 2821 1074 2864 m2)
1100 2820 1134 2853 B
1206 2819 1252 2853 22
1276 2819 1551 2864 temptationem
1570 2818 1773 2863 AdD,ssp.e.

258 2875 424 2921 praefert]
441 2876 525 2910 add.
537 2875 619 2910 ferri
633 2878 771 2920 (exp.)ss
836 2875 945 2910 habet
960 2877 1184 2911 causamAD
1250 2887 1392 2911 causam
1408 2876 1497 2921 (sam
1512 2877 1552 2911 in
1567 2878 1725 2918 ras.m2)
1740 2876 1775 2910 B
