1884 3254
273 244 355 286 102
814 239 964 275 Sancti
989 237 1240 282 Hieronymi

269 373 335 412 est
372 373 415 413 et
449 370 552 412 fides
590 370 681 411 eius
719 369 803 410 alta
839 367 976 410 radice
1013 367 1092 409 fixa
1122 368 1200 418 est,
1232 365 1418 407 uniuersi
1455 365 1783 419 temptationum

267 443 422 484 fluctus
450 441 529 484 sibi
555 441 846 494 pertranseunt
877 439 919 480 et
943 438 981 479 ei
1007 451 1087 479 non
1113 438 1416 491 pertranseunt,
1444 435 1514 489 qui
1539 438 1784 490 temptatur.

209 515 232 550 4
266 511 490 555 notandum
518 512 671 558 autem,
699 507 905 563 quomodo
926 508 977 549 ad
997 507 1054 558 id,
1078 506 1189 560 quod
1214 505 1408 548 dominus
1435 505 1612 548 dixerat:
1631 519 1780 560 quem

268 582 473 625 mittam
501 582 552 621 et
583 580 700 633 quis
731 578 837 620 ibit
868 578 1050 620 nobis?
1077 576 1279 632 propheta
1299 588 1345 618 ex
1364 578 1482 629 parte
1501 576 1781 630 responderit:

267 663 388 692 ecce
420 663 527 706 ego,
560 649 715 691 mitte
747 661 821 689 me
854 649 897 689 et
922 647 972 689 de
998 646 1190 700 sequenti
1214 645 1395 688 tacuerit
1416 645 1665 702 intellegens
1690 647 1781 690 nul-
1821 659 1840 687 s

264 721 350 762 lum
388 720 604 761 hominum
643 717 813 772 dignum
852 728 960 767 esse,
998 716 1070 770 qui
1108 716 1185 758 deo
1221 717 1416 770 pergeret
1452 718 1495 758 et
1538 729 1660 759 omne
1701 717 1783 760 iter

265 803 386 832 snum
408 790 497 831 eius
516 789 672 831 faceret
690 799 796 838 esse,
817 787 890 841 qui
907 787 1106 829 mitteret.
1125 799 1250 840 quam
1276 786 1560 829 humilitatem
1585 787 1783 838 dominus

265 860 498 910 aduertens,
533 859 644 913 quod
682 871 727 900 se
765 857 960 900 secundis
997 858 1166 912 putaret
1194 857 1430 912 indignum,
1460 857 1687 912 imperauit
1717 871 1781 902 se·-

264 930 433 984 quentia
464 930 624 971 dicens:
657 928 803 970 uade.

323 1001 361 1041 5.
388 1001 493 1052 (21.)
521 998 814 1054 Septuaginta:
843 1000 893 1040 et
918 997 1044 1039 dixi:
1071 1010 1192 1040 ecce
1219 1010 1313 1053 ego
1341 1011 1466 1050 sum,
1494 998 1650 1042 mitte
1680 1012 1778 1051 me;
1801 994 1843 1040 is

261 1071 414 1124 Aquila
434 1073 475 1112 et
494 1069 774 1112 Theodotionz
803 1080 925 1111 ecce
951 1068 1148 1120 adsum,
1176 1069 1331 1111 mitte
1357 1082 1451 1119 me;
1479 1069 1779 1124 Symmachus:

263 1153 397 1192 ecce,
431 1141 585 1182 mitte
617 1153 706 1182 me.
739 1139 856 1191 deus,
890 1140 962 1193 qui
994 1139 1166 1182 uocauit
1197 1153 1258 1191 ea,
1284 1152 1389 1194 quae
1414 1153 1495 1183 non
1521 1143 1632 1193 sunt,
1657 1141 1780 1195 quasi

262 1211 358 1261 sint,
392 1214 434 1253 et
465 1211 535 1264 qui
568 1210 688 1252 dixit:
730 1223 824 1265 ego
863 1223 987 1262 sum,
1025 1210 1113 1264 qui
1151 1222 1275 1261 sum,
1315 1213 1358 1252 et
1394 1211 1512 1254 alibi:
1553 1212 1642 1265 qui
1680 1214 1776 1266 est,

260 1281 411 1323 misit
459 1294 547 1332 me,
593 1292 881 1335 quoscumque
923 1280 1152 1332 uocauerit‚
1198 1280 1341 1323 statim
1386 1281 1488 1323 facit
1531 1282 1777 1334 subsistere,

261 1352 454 1406 quoniam
483 1351 633 1400 omnia,
661 1364 766 1406 quae
792 1341 957 1405 absque*
977 1363 1024 1393 eo
1053 1353 1164 1403 sunt,
1188 1363 1269 1394 non
1303 1350 1414 1394 sunt.
1440 1352 1550 1394 unde
1575 1353 1778 1408 propheta
1800 1363 1839 1393 ιε

260 1425 464 1478 purgatus
496 1434 519 1464 a
550 1422 668 1464 uitiis
702 1434 831 1464 ausus
864 1425 929 1464 est
961 1422 1115 1464 dicere:
1149 1431 1272 1464 ecce
1311 1434 1406 1477 ego
1445 1434 1570 1479 sum,
1601 1423 1705 1466 licet
1733 1425 1777 1467 iu

259 1493 418 1536 Latinis
456 1493 673 1535 codicibus
710 1495 880 1548 propter
914 1492 1189 1547 interpretum
1233 1493 1481 1536 uarietatem
1528 1497 1653 1536 ‘sum’
1694 1507 1775 1538 non

260 1563 318 1605 sit
342 1563 592 1618 adpositum.
619 1563 787 1616 quidam
814 1563 1124 1606 obseruandum
1150 1565 1313 1618 putant,
1341 1563 1392 1606 ad
1419 1576 1524 1618 quos
1550 1565 1777 1619 prophetas

260 1634 495 1676 ‘mittentis’
532 1636 605 1676 aut
641 1634 788 1675 ‘missi’
825 1639 961 1676 sermo
1001 1634 1175 1684 dicatur,
1216 1634 1328 1688 quod
1366 1637 1432 1677 est
1469 1634 1626 1678 Graece
1650 1640 1777 1690 '‘apo-

259 1705 423 1753 stolus’,
456 1705 498 1746 et
528 1704 634 1746 hanc
666 1716 759 1746 esse
791 1703 1067 1746 differentiam
1101 1704 1263 1754 nolunt,
1296 1707 1356 1758 ut,
1388 1705 1642 1760 quicumque
1678 1707 1774 1750 mit·
1799 1717 1839 1746 so

258 1776 411 1824 tantur,
450 1777 491 1817 et
527 1775 753 1829 prophetae
792 1775 878 1816 sint
919 1775 1073 1829 pariter
1116 1777 1158 1817 et
1195 1776 1391 1829 apostoli,
1436 1776 1488 1818 ad
1526 1788 1631 1830 quos
1675 1789 1776 1820 uero

257 1844 465 1886 mittentis
497 1857 632 1888 sermo
664 1857 742 1888 non
776 1845 957 1900 ponitur,
983 1848 1149 1888 tantum
1175 1846 1401 1900 prophetae
1429 1847 1531 1898 sin·t;
1560 1848 1671 1901 quod
1697 1860 1775 1904 ego

375 2006 397 2041 3
422 2006 516 2041 Esai.
544 2007 576 2046 6,
604 2007 625 2041 8
691 2007 712 2041 5
738 2006 836 2042 Esai.
862 2008 895 2051 6,
921 2007 943 2042 8
1011 2008 1032 2041 9
1058 2007 1153 2042 Esai.
1179 2009 1212 2048 6,
1239 2008 1260 2042 9
1326 2009 1369 2043 10
1394 2008 1490 2043 Esai.
1517 2010 1550 2049 6,
1576 2009 1597 2044 8
1661 2010 1705 2044 12
1730 2011 1776 2044 cf.

258 2063 357 2099 Rom.
381 2065 416 2108 4,
443 2065 486 2099 17
561 2065 604 2100 13
628 2065 692 2101 Ex.
719 2066 752 2109 3,
780 2066 822 2100 14
919 2066 981 2100 Ex.
1009 2066 1041 2107 3,
1070 2065 1113 2100 14

306 2147 327 2181 3
353 2148 427 2180 not.
455 2148 509 2180 est
533 2147 568 2180 B
639 2148 662 2182 4
687 2147 920 2192 responderet
945 2147 1104 2191 Zp.c.m2
1130 2147 1316 2193 respondit
1340 2149 1376 2182 B
1460 2149 1481 2183 6
1507 2148 1685 2184 hominem
1712 2149 1782 2184 LE

261 2204 280 2239 7
306 2204 371 2239 fac.
398 2205 472 2239 eius
497 2206 532 2240 B
629 2206 705 2240 eius
730 2217 797 2241 om.
823 2205 862 2241 D
935 2207 956 2241 8
982 2207 1034 2252 se]
1060 2218 1087 2242 s.
1115 2207 1137 2242 l.
1164 2206 1251 2242 add.
1279 2207 1322 2242 de
1341 2208 1437 2242 ηι2Σ
1528 2207 1722 2243 secundum
1740 2208 1781 2242 F

260 2263 432 2307 sequendi
458 2263 605 2308 (quendi
630 2266 671 2299 in
694 2276 767 2299 ras.
793 2267 868 2308 ⁷122)
895 2265 931 2299 B
1051 2268 1213 2311 portaret
1236 2265 1320 2301 ΕΣ
1340 2267 1462 2311 (corr.)
1587 2262 1775 2312 indignum

259 2332 288 2356 s.
315 2322 337 2357 l.
362 2324 425 2356 m2
443 2322 475 2356 Σ
539 2322 581 2358 10
607 2322 678 2358 dixi
699 2323 763 2358 ΣΒ
789 2324 880 2358 dixit
899 2329 961 2360 cet.
1059 2336 1136 2359 sum
1162 2336 1230 2360 om.
1250 2325 1288 2360 D
1383 2326 1509 2360 mitete
1529 2325 1568 2360 D
1642 2325 1686 2360 12
1713 2337 1775 2360 uo-

261 2382 319 2415 cat
342 2379 532 2426 Bpaemoeg
613 2381 655 2416 13
677 2393 735 2426 pr.
763 2383 823 2427 qui
848 2394 875 2417 s.
903 2384 925 2417 l.
953 2384 985 2418 Σ
1061 2384 1104 2418 14
1129 2385 1200 2429 me]
1228 2392 1398 2429 seqsras.
1424 2387 1448 2419 5
1475 2385 1542 2426 litt.
1570 2385 1603 2419 Σ
1693 2384 1778 2419 sub-

260 2438 401 2484 sistere]
433 2438 518 2473 add.
552 2451 642 2484 quac
674 2440 783 2485 (quod
813 2444 851 2485 g)
884 2442 972 2476 satis
1005 2441 1107 2477 daret
1133 2444 1258 2485 (claret
1286 2451 1324 2487 g)
1357 2443 1528 2489 exemplis
1559 2443 1596 2478 in
1627 2444 1776 2478 uiuente

260 2515 404 2550 matheo
436 2517 494 2557 (ex
524 2518 643 2551 mateo
674 2517 720 2559 Β,
752 2517 936 2552 matthaeo
967 2518 1005 2563 g)
1040 2519 1264 2564 euangelista
1295 2522 1332 2554 et
1362 2521 1414 2564 (et
1439 2520 1475 2554 in
1494 2521 1531 2565 ς)
1557 2520 1675 2555 lazaro
1701 2497 1777 2555 non

261 2573 513 2618 (quatriduano
532 2576 570 2620 g)
595 2575 665 2609 iam
691 2578 831 2610 mortuo
859 2577 919 2621 qui
945 2577 1005 2621 (ex
1029 2578 1113 2622 quia
1131 2578 1181 2623 B)
1207 2579 1332 2613 statim
1357 2581 1398 2613 ut
1423 2581 1507 2613 sunt
1531 2579 1651 2614 uocati
1671 2590 1692 2613 a
1712 2578 1775 2613 do—

259 2633 356 2666 mino
388 2634 425 2667 ct
455 2633 516 2668 ille
550 2633 774 2678 sepulchrum
807 2635 980 2670 auaritiae
1013 2636 1214 2680 reliquid(t)
1243 2640 1280 2671 et
1303 2637 1365 2672 ille
1391 2640 1493 2672 suste
1517 2637 1602 2680 (iste
1627 2648 1713 2672 suae
1736 2641 1774 2682 ς)

259 2692 384 2726 mortis
403 2691 462 2736 135
513 2693 555 2727 16
581 2693 617 2727 in
642 2704 670 2728 s.
692 2693 715 2728 l.
736 2694 768 2728 Σ
815 2693 856 2728 17
883 2694 1059 2729 uarietate
1079 2694 1113 2729 L
1166 2695 1208 2730 18
1227 2696 1431 2741 appositum
1450 2695 1518 2731 BS
1586 2699 1717 2741 putans
1736 2695 1778 2731 D

260 2750 478 2794 prophetans
503 2751 653 2795 FL,z’B
683 2751 742 2797 (ez
774 2752 950 2798 propheta
974 2756 1049 2795 9⁹12)
1170 2755 1214 2789 20
1247 2755 1365 2789 uoluit
1387 2755 1433 2799 F,
1465 2766 1557 2790 eras.
1584 2755 1623 2798 Σ,
1653 2766 1721 2790 om.
1747 2754 1779 2790 S

262 2808 315 2851 ut]
344 2812 378 2842 ct
405 2808 438 2842 L
521 2810 564 2843 21
587 2820 647 2854 pr.
674 2812 711 2844 ct
736 2821 803 2846 om.
830 2811 862 2845 Σ
954 2812 1087 2856 pariter
1110 2823 1137 2846 s.
1166 2812 1189 2846 l.
1217 2813 1248 2846 Σ
1327 2813 1371 2847 22
1398 2813 1557 2858 ponitur]
1584 2821 1713 2858 sponte
1736 2813 1776 2848 D
