1884 3254
282 239 336 278 22
825 233 977 268 Sancti
1004 231 1258 276 Hieronymi

284 363 334 405 ob
367 363 447 405 hoc
480 365 522 405 et
554 374 632 417 ego
665 361 835 403 obsecro
869 363 922 411 et,
956 361 1004 401 ut
1035 361 1082 400 tu
1115 360 1250 412 petas,
1283 357 1512 412 plurimum
1553 369 1723 411 quaeso,
1755 361 1804 400 ut
1877 383 1882 392 ·

281 433 361 475 tibi
380 432 491 475 beati
512 431 661 474 Reticii
681 429 1076 485 Augustodunensis
1098 428 1282 482 episcopi
1305 427 1630 469 commentarios
1658 427 1709 469 ad
1736 427 1804 470 de-

283 502 546 546 scribendum
579 501 792 556 largiatur,
824 500 864 542 in
897 500 1050 553 quibus
1080 498 1300 540 Canticum
1327 497 1594 540 Canticorum
1629 497 1804 540 sublimi

284 586 353 615 ore
372 572 580 614 disseruit.
602 571 771 623 scripsit
789 570 892 612 mihi
913 572 955 611 et
975 558 1144 622 quidam
1165 568 1215 610 de
1234 568 1370 622 patria
1390 580 1515 621 supra
1534 567 1636 610 dicti
1661 567 1803 612 fratris
1883 627 1884 630 Ἰ

281 642 422 685 Rufini
453 641 610 683 Paulus
643 652 766 681 senex
791 638 1037 681 Tertulliani
1068 651 1192 680 suum
1219 637 1408 680 codicem
1433 638 1544 691 apud
1570 649 1665 680 eum
1698 649 1803 690 esse,
1841 649 1884 683 τ»,

283 724 406 766 quem
437 710 707 752 uehementer
735 709 989 762 repoposcit.
1016 710 1059 750 et
1089 721 1136 750 ex
1166 709 1247 750 hoc
1279 720 1448 761 quaeso,
1474 710 1524 750 ut
1555 721 1626 750 eos
1657 708 1802 759 libros,
1843 710 1845 712 ’
1879 723 1884 744 i

284 794 388 836 quos
426 793 506 822 non
543 780 695 821 habere
733 792 798 820 me
836 779 976 820 breuis
1014 778 1211 821 subditus
1251 778 1455 828 edocebit,
1486 778 1646 821 librarii
1675 790 1804 822 manu

283 852 323 894 in
362 852 505 893 charta
541 850 669 892 scribi
710 849 870 892 iubeas.
907 849 1295 903 interpretationem
1341 862 1506 904 quoque
1543 849 1805 904 psalmorum

285 921 574 964 Dauiticorum
595 923 636 962 et
655 919 858 973 prolixum
878 918 1001 961 ualde
1027 919 1077 961 de
1103 919 1273 973 synodis
1298 919 1452 961 librum
1479 918 1613 961 sancti
1637 918 1806 969 Hilarii,

285 1005 390 1046 quae
423 991 460 1033 ei
492 990 602 1044 apud
628 990 820 1032 Treueris
851 1002 975 1031 manu
1009 1002 1101 1031 mea
1131 990 1223 1044 ipse
1255 989 1571 1044 descripseram,
1600 1002 1730 1044 aeque
1754 990 1805 1033 ut
1826 999 1868 1029 ιο

284 1062 388 1104 mihi
419 1061 642 1103 transferas
674 1062 785 1114 peto.
818 1060 930 1102 nosti
959 1060 1039 1102 hoc
1071 1073 1164 1102 esse
1196 1059 1456 1102 Christianae
1489 1059 1650 1102 animae
1673 1060 1804 1115 pabu-

284 1134 387 1182 lum,
420 1132 456 1174 si
481 1131 521 1173 in
547 1131 640 1186 lege
667 1130 823 1172 domini
849 1129 1078 1172 meditetur
1104 1130 1170 1172 die
1196 1142 1244 1172 ac
1269 1132 1404 1173 nocte.
1432 1132 1593 1173 ceteros
1618 1130 1804 1185 hospitio

285 1203 450 1256 recipis,
489 1201 645 1243 solacio
683 1201 819 1252 foues,
853 1201 1095 1254 sumptibus
1133 1201 1276 1251 iuuas;
1308 1201 1412 1242 mihi
1445 1201 1482 1243 si
1511 1202 1660 1255 rogata
1688 1213 1804 1255 prae·

287 1273 460 1322 stiteris,
486 1272 620 1314 multa
645 1270 825 1326 largitus
853 1283 911 1313 es.
933 1273 976 1313 et
1002 1271 1198 1325 quoniam
1225 1271 1436 1313 tribuente
1463 1271 1631 1313 domino
1657 1271 1805 1314 multis

287 1355 427 1385 sacrae
470 1342 751 1384 bibliothecae
802 1341 1016 1383 codicibus
1068 1341 1344 1392 abundamus,
1387 1342 1549 1396 impera
1591 1341 1801 1385 uicissim:
1826 1345 1869 1375 Π»

286 1411 686 1466 quodcumque-uis,
711 1412 890 1454 mittam.
915 1416 991 1454 nec
1015 1413 1140 1465 putes
1159 1411 1264 1453 mihi
1291 1424 1418 1467 graue
1444 1424 1551 1463 esse,
1575 1412 1612 1454 si
1637 1412 1802 1455 iubeas:

286 1482 416 1524 habeo
443 1482 648 1531 alumnos,
676 1481 748 1535 qui
774 1481 1031 1536 antiquariae
1063 1481 1141 1523 arti
1173 1481 1370 1523 seruiant.
1403 1494 1537 1536 neque
1563 1494 1662 1525 uero
1681 1471 1805 1525 bene-

406 1608 448 1642 12
475 1607 519 1643 cf.
544 1608 602 1642 Ps.
632 1609 661 1649 1,
687 1608 709 1641 2

337 1690 352 1723 1
381 1692 422 1723 ut
447 1692 483 1724 et
507 1692 547 1724 tu
568 1690 600 1724 Σ
620 1692 656 1724 et
680 1692 719 1724 tu
746 1692 787 1724 ut
805 1701 829 1733 g
880 1715 882 1717 -
902 1700 1032 1734 quaero
1052 1689 1191 1731 DL‚M
1212 1691 1332 1734 (corr.)
1382 1689 1404 1723 2
1430 1690 1543 1724 retitii
1563 1690 1596 1724 Σ
1614 1690 1755 1725 rhetitii
1777 1689 1809 1724 G

286 1747 413 1782 rethici
431 1748 467 1782 B
538 1748 776 1793 augustodon.
795 1748 834 1782 D
860 1747 1074 1793 agustudon.
1094 1747 1164 1782 LE
1183 1747 1399 1793 agustudun.
1425 1748 1506 1792 (alt.
1526 1759 1549 1783 u
1568 1759 1612 1783 ex
1636 1759 1656 1783 o
1675 1749 1751 1794 m2)
1770 1747 1806 1785 Q

289 1806 527 1852 augustudun.
548 1807 584 1840 B
603 1806 842 1852 augustadun.
863 1810 887 1852 ζ
910 1807 1233 1852 augustidunenses
1253 1806 1329 1850 (idu
1349 1818 1393 1842 ex
1411 1807 1479 1842 odo
1498 1808 1575 1852 m2)
1592 1807 1642 1842 M
1710 1818 1807 1842 com-

287 1868 482 1900 mentarius
501 1866 629 1910 §Epo
679 1866 699 1900 3
721 1866 850 1911 quibus
869 1877 903 1910 g,
929 1876 996 1900 om.
1021 1865 1051 1900 O
1075 1877 1144 1911 quo
1165 1869 1228 1901 cet.
1277 1865 1299 1900 4
1321 1865 1481 1901 deseruit
1500 1867 1534 1902 Σ
1607 1869 1643 1901 et
1667 1866 1755 1901 mihi
1778 1865 1810 1901 G
1866 1892 1870 1895 ψ

288 1924 430 1969 quidem
449 1924 480 1958 C
550 1924 655 1959 dictis
676 1925 709 1959 L
758 1925 779 1959 5
799 1935 901 1959 senes
915 1924 1081 1966 LZDM
1098 1928 1203 1968 (corr.
1217 1927 1306 1969 m2),
1325 1925 1420 1959 senis
1435 1923 1469 1961 §B
1542 1925 1730 1960 tertuliani
1743 1925 1817 1960 LX

288 1983 419 2028 (corr.),
438 1983 476 2018 D
525 1984 545 2018 6
564 1984 719 2028 reposcit
738 1983 773 2017 B
823 1984 841 2018 7
862 1994 918 2018 me
937 1994 972 2018 n.
992 1983 1072 2018 hab.
1101 1983 1204 2018 codd.
1226 1987 1373 2028 praeter
1390 1983 1459 2018 ΕΣ
1525 1984 1577 2019 br.
1604 1983 1706 2019 subd.
1733 1983 1805 2030 ed.]

289 2043 508 2088 subsequens
534 2054 647 2078 sermo
675 2043 846 2078 describit
863 2044 899 2077 B
959 2044 980 2078 8
1007 2043 1131 2078 charta
1155 2043 1207 2088 Cg
1229 2045 1328 2078 carta
1348 2047 1410 2078 cet.
1470 2044 1492 2078 9
1519 2043 1766 2078 dauidicorum
1782 2054 1812 2088 g

290 2101 332 2135 de
357 2112 425 2137 om.
451 2104 475 2146 ς
567 2102 685 2136 sinodi
709 2104 734 2146 ζ
846 2102 890 2136 10
916 2113 1019 2147 quein
1048 2102 1133 2147 ΣζΒ
1234 2102 1379 2137 triueris
1405 2102 1439 2136 L
1464 2106 1624 2137 treueros
1649 2104 1708 2146 (ex
1731 2103 1805 2137 tres

290 2160 384 2194 uiros
409 2162 484 2204 2722)
510 2160 545 2194 B
569 2161 721 2195 treuiros
745 2172 769 2205 g
856 2160 1130 2206 descripseram]
1159 2160 1245 2195 add.
1271 2161 1307 2195 in
1335 2172 1405 2206 quo
1433 2161 1541 2195 etiam
1569 2162 1662 2195 inter
1689 2163 1810 2196 cetera.

290 2217 532 2253 ordinationes
558 2219 803 2264 episcoporum
830 2218 983 2254 dominis
1009 2219 1087 2265 (sic)
1114 2219 1239 2254 diebus
1266 2222 1303 2254 et
1328 2219 1431 2254 festis
1465 2220 1708 2265 apostolorum
1736 2219 1807 2256 diei

291 2277 368 2319 (sic)
396 2277 525 2311 debere
550 2277 638 2314 fieri.
665 2277 852 2312 dominicis
879 2278 1004 2313 diebus
1031 2280 1176 2324 propter
1201 2289 1337 2313 sacram
1363 2279 1660 2314 resurrectionem
1681 2282 1718 2314 et
1743 2279 1806 2314 ad-

291 2338 437 2370 uentum
470 2336 585 2370 sancti
617 2336 763 2380 spiritus
795 2347 901 2382 super
933 2336 1128 2382 discipulos
1160 2348 1200 2372 ac
1231 2337 1389 2382 reliquos
1420 2338 1457 2372 in
1488 2341 1569 2383 xpm
1609 2337 1806 2374 credentes.

290 2394 394 2429 festis
419 2395 529 2429 etiam
555 2395 796 2439 apostolorum
822 2406 886 2439 pro
915 2406 969 2436 eo,
996 2395 1091 2441 quod
1116 2396 1151 2430 in
1178 2396 1315 2442 psalmo
1342 2396 1378 2431 in
1404 2398 1489 2442 typo
1522 2399 1668 2432 sanotae
1693 2397 1808 2432 eccle·

291 2453 365 2487 siae
391 2453 497 2488 canit.
525 2464 587 2498 pro
612 2453 776 2498 patribus
801 2454 874 2488 tuis
899 2455 975 2488 nati
1002 2457 1087 2488 sunt
1110 2455 1180 2489 tibi
1206 2454 1283 2490 filii.
1310 2456 1509 2490 constitues
1541 2466 1602 2490 eos
1627 2455 1807 2500 principes

291 2522 397 2556 super
422 2522 559 2546 omnem
585 2514 726 2546 terram.
754 2512 911 2557 intelligi
937 2512 1073 2553 uolens,
1100 2515 1140 2547 ut
1164 2514 1200 2547 in
1228 2513 1297 2554 die,
1329 2525 1399 2558 qua
1430 2517 1534 2559 pater
1564 2513 1718 2558 decedit,
1748 2524 1806 2550 ec·
1880 2536 1884 2537 ν

291 2570 419 2605 elesiae
442 2570 554 2604 libere
580 2570 710 2605 debeat
734 2571 919 2616 subrogari
941 2574 978 2606 et
995 2571 1091 2606 filius
1111 2574 1135 2616 g
1204 2574 1332 2618 aeque]
1355 2584 1396 2608 ea
1416 2583 1506 2618 quae
1524 2573 1564 2608 D
1582 2583 1625 2607 ea
1650 2583 1718 2618 que
1736 2571 1807 2618 §.⁵3

293 2634 350 2670 (ex
375 2639 416 2663 ea
442 2631 558 2673 quae),
585 2639 697 2674 eaque
721 2629 811 2673 MC,
837 2640 904 2664 om.
929 2641 954 2674 g
1051 2631 1092 2665 11
1120 2631 1342 2666 transferant
1369 2631 1399 2667 0
1522 2631 1618 2666 nosti
1644 2631 1737 2666 enim
1761 2630 1813 2666 M

293 2699 349 2723 an.
374 2691 430 2732 xp.
460 2687 491 2722 0
562 2687 604 2721 12
630 2687 826 2723 meditatur
849 2691 874 2733 g
944 2689 988 2723 14
1015 2692 1143 2724 cuncta
1168 2690 1204 2724 B
1300 2691 1478 2736 largiente
1496 2702 1520 2735 g
1595 2691 1637 2725 17
1663 2689 1752 2725 abeo
1772 2688 1807 2727 Β

293 2747 423 2791 (corn),
448 2745 497 2780 Μ
517 2745 621 2790 (corr.
647 2748 733 2791 m2),
759 2746 803 2781 ab
831 2758 872 2781 eo
902 2747 931 2782 0
1014 2749 1184 2793 antiquae
1212 2749 1374 2794 (antiqua
1400 2747 1485 2792 ffiL)
1510 2760 1567 2784 me
1593 2749 1680 2784 artis
1705 2749 1807 2794 (artis

292 2814 348 2838 me
373 2803 451 2846 LE)
475 2803 641 2839 erudiunt
665 2804 767 2839 codd.
788 2809 934 2849 praeter
956 2806 992 2840 B
