1884 3254
221 324 307 364 664
781 322 932 356 sancti
957 320 1210 366 Hieronymi

221 451 340 493 fusca
388 450 532 493 tunica
573 450 784 500 uestiaris,
835 450 1028 503 aequeris
1077 450 1344 504 pauperibus,
1396 452 1569 506 inopum
1614 451 1740 493 cellu-

219 521 283 563 las
316 521 533 575 dignanter
563 520 760 570 introeas,
799 531 1016 562 caecorum
1050 520 1198 563 oculus
1231 521 1304 573 sis,
1341 534 1490 564 manus
1523 521 1740 572 debilium,

221 604 295 645 pes
341 591 598 639 claudorum,
647 590 738 644 ipse
782 602 932 643 aquam
977 591 1134 643 portes,
1183 591 1299 646 ligna
1342 591 1550 642 concidas,
1598 591 1741 633 focum

221 664 408 703 extruas:
434 655 507 702 ub'i
533 661 731 702 uincula?
762 660 836 702 ubi
860 660 1033 715 alapae?
1065 661 1140 721 ubi
1165 663 1318 716 sputa?
1349 662 1423 704 ubi
1448 661 1642 716 flagella?
1667 661 1742 704 ubi

222 731 487 786 patibulum?
523 730 598 773 ubi
634 733 775 773 mors?
814 734 856 773 et
893 743 988 773 cum
1023 732 1177 783 omnia,
1213 745 1319 786 quae
1352 732 1447 782 dixi,
1486 732 1651 782 feceris,
1687 732 1740 774 ab
1783 743 1803 772 5

220 802 449 845 Eustochio
481 804 555 844 tua
585 802 802 855 Paulaque
833 801 1030 852 uinceris,
1063 802 1099 844 si
1129 815 1209 845 non
1243 814 1378 857 opere,
1411 805 1455 845 at
1483 805 1597 845 certe
1627 813 1743 845 sexu.

221 886 298 927 ego
331 872 500 927 quidem
526 873 683 915 Romae
715 884 795 914 non
828 885 939 914 eram
972 875 1015 915 et
1045 875 1146 915 tunc
1177 886 1244 915 me
1271 873 1439 916 tenebat
1463 874 1660 915 heremus
1685 897 1743 904 —-

220 947 346 996 atque
396 943 555 985 utinam
605 943 905 997 pertenuisset!
949 968 1007 974 —-—
1051 943 1216 997 quando
1261 955 1404 986 socero
1453 946 1527 985 tuo
1570 943 1743 986 uiuente

220 1013 393 1055 Toxotio
423 1014 594 1055 saeculo
622 1013 872 1063 seruiebant,
901 1013 974 1056 sed
999 1015 1139 1055 tamen
1166 1014 1308 1056 audio:
1339 1026 1445 1068 quae
1468 1014 1743 1056 inmunditias

220 1084 454 1136 platearum
488 1085 592 1126 ferre
623 1097 701 1126 non
734 1086 940 1138 poterant,
973 1096 1079 1137 quae
1112 1084 1399 1126 eunuchorum
1431 1084 1626 1127 manibus
1649 1093 1804 1138 por-,10

220 1154 418 1196 tabantur
448 1156 490 1196 et
520 1155 738 1209 inaequale
771 1155 910 1197 solum
939 1155 1163 1197 molestius
1195 1155 1555 1206 transcendebant,
1588 1155 1743 1209 quibus
1853 1207 1858 1215 Ἴ

222 1225 354 1266 serica
389 1225 522 1268 uestis
561 1226 675 1267 oneri
713 1227 801 1267 erat
832 1228 873 1267 et
904 1225 1008 1267 solis
1040 1225 1153 1267 calor
1182 1225 1434 1276 incendium,
1472 1237 1582 1267 nunc
1613 1225 1744 1268 sordi·
1845 1212 1859 1286 ’ᾗ

223 1295 343 1337 datae
382 1297 424 1337 et
459 1295 661 1350 lugubres
700 1299 742 1337 et
773 1295 841 1338 sui
873 1295 1165 1349 conparatione
1197 1295 1417 1337 forticulae
1448 1295 1519 1337 uel
1549 1295 1743 1338 lucernas
1855 1290 1859 1295 ⁴

223 1366 473 1408 concinnant
497 1366 567 1413 uel
593 1366 853 1408 succendunt
877 1366 1032 1418 focum,
1064 1366 1305 1419 pauimenta
1330 1367 1516 1416 uerrunt,
1541 1365 1745 1408 mundant
1852 1412 1859 1426 J

220 1437 446 1490 legumina,
497 1437 687 1478 holerum
735 1437 961 1493 fasciculos
1011 1437 1052 1478 in
1095 1437 1328 1478 feruentem
1374 1436 1499 1478 ollam
1543 1436 1804 1486 deiciunt,<1⁶

220 1507 435 1561 adponunt
459 1520 639 1558 mensas,
672 1508 823 1549 calices
849 1508 1082 1562 porrigunt,
1115 1507 1334 1549 effundunt
1358 1507 1489 1557 cibos,
1516 1506 1600 1548 huc
1622 1506 1744 1548 illuc·
1854 1494 1859 1511 ²

223 1590 303 1631 que
342 1578 591 1620 discurrunt.
635 1570 683 1620 et'
714 1580 1040 1633 certemagnus
1078 1578 1290 1633 uirginum
1329 1577 1482 1619 chorus
1522 1589 1618 1619 cum
1653 1577 1741 1619 illis

219 1648 395 1690 habitat.
420 1662 520 1690 num
547 1649 723 1691 huiusce
749 1648 864 1690 modi
890 1648 1124 1690 ministeria
1154 1648 1248 1690 aliis
1281 1648 1484 1702 imperare
1515 1636 1598 1689 non
1626 1649 1743 1702 pote-

219 1719 340 1762 rant?
384 1720 458 1761 sed
495 1721 645 1762 nolunt
681 1719 792 1761 uinci
831 1720 881 1761 ab
920 1719 986 1761 his
1024 1720 1166 1761 labore
1204 1731 1438 1772 corporum,
1483 1730 1587 1772 quas
1624 1718 1742 1773 ipsae

221 1793 420 1842 superant
454 1790 612 1831 uirtute
645 1790 783 1832 animi.
821 1790 922 1832 haec
955 1790 1062 1840 dico,
1101 1803 1181 1832 non
1216 1802 1297 1844 quo
1331 1789 1381 1831 de
1413 1789 1557 1831 ardore
1587 1789 1740 1831 mentis
1764 1801 1803 1830 ao

270 2022 285 2055 1
313 2020 433 2056 fuscas
458 2021 497 2055 D
521 2020 626 2055 furua
646 2022 679 2055 Γ
793 2021 935 2056 tunicas
960 2021 999 2055 D
1108 2020 1284 2056 uestiatur
1309 2021 1344 2055 Γ
1440 2022 1686 2065 aequeturque
1712 2020 1748 2054 Γ

221 2090 333 2124 aeque
365 2080 402 2114 P
523 2091 630 2126 paup.
658 2082 695 2115 et
714 2081 748 2114 Γ
891 2080 913 2114 2
939 2080 1048 2115 cellas
1069 2080 1104 2114 Γ
1229 2080 1389 2114 introeat
1407 2080 1442 2114 1⁷
1567 2089 1662 2114 caeo.
1687 2089 1741 2114 oc.

220 2138 283 2182 sis]
316 2138 384 2172 etsi
415 2138 464 2172 sit
495 2149 589 2173 eaeo.
622 2149 675 2173 oc.
707 2139 741 2172 Γ
903 2139 924 2173 3
951 2138 982 2172 si
1005 2138 1084 2183 ipse
1117 2138 1149 2172 Γ
1289 2137 1433 2182 aquam]
1460 2148 1529 2182 que
1561 2148 1605 2173 ex
1634 2148 1740 2183 quam

219 2197 318 2231 m2A
424 2197 539 2242 portis
564 2197 604 2231 K
627 2198 749 2242 portet
772 2207 817 2232 ex
841 2197 955 2242 portit
978 2197 1078 2231 m217
1181 2195 1348 2231 concidat
1373 2197 1407 2231 Γ
1497 2197 1520 2231 4
1546 2198 1687 2231 extruat
1712 2197 1747 2232 Γ

220 2257 241 2290 5
268 2256 327 2300 ab]
355 2255 399 2290 ad
424 2255 461 2290 A
532 2256 553 2291 6
581 2256 740 2291 eustocio
770 2255 804 2290 G
829 2255 1041 2291 eusthochio
1066 2255 1110 2290 K
1132 2255 1318 2291 eustochia
1342 2253 1484 2300 ffip.c.B
1578 2259 1641 2290 tuo
1661 2254 1744 2290 KP

220 2325 264 2349 eu
289 2314 328 2348 D
446 2325 519 2349 non
545 2315 698 2350 uinceris
722 2314 758 2348 A
805 2323 807 2325 ’
879 2316 918 2349 at
942 2325 1034 2349 eras.
1062 2314 1096 2351 ΣΒ
1123 2313 1168 2349 ad
1197 2313 1312 2349 GKD
1339 2316 1401 2349 aut
1424 2314 1497 2348 AB
1594 2315 1614 2349 7
1639 2313 1739 2359 tunc]

220 2384 300 2407 cum
329 2372 362 2407 G
481 2375 622 2408 teneret
651 2373 685 2408 G
775 2374 796 2408 8
821 2374 1056 2419 pertinuisset
1082 2374 1186 2417 (-isse
1210 2373 1264 2417 D)
1289 2373 1372 2408 ΒΨ
1475 2376 1538 2408 tuo
1562 2384 1592 2408 s.
1618 2373 1640 2408 1.
1670 2372 1741 2408 ΨΒ

220 2433 242 2466 9
267 2432 406 2466 toxocio
432 2432 468 2466 A
494 2435 530 2467 et
555 2433 662 2467 exitio
693 2432 727 2468 G
800 2433 906 2478 quae]
934 2437 1003 2478 que
1028 2432 1064 2467 A
1135 2432 1335 2467 mundicias
1360 2432 1393 2466 A
1469 2432 1513 2467 10
1537 2433 1682 2478 poterat
1704 2432 1740 2466 A

220 2490 460 2525 eunochorum
485 2491 561 2525 KA
635 2492 677 2526 11
705 2491 889 2526 molestias
914 2491 950 2525 A
974 2491 1174 2526 modestius
1198 2491 1234 2525 Β
1326 2490 1370 2525 12
1395 2490 1501 2525 sirica
1524 2489 1742 2532 Afflaaemoe

219 2549 344 2584 honeri
368 2549 444 2584 DB
469 2550 586 2584 oneris
616 2549 649 2585 G
746 2553 849 2585 erant
878 2549 1068 2594 Y'ffiBa-c.
1161 2549 1205 2585 13
1231 2560 1316 2585 suae
1341 2549 1377 2583 A
1472 2548 1679 2584 formiculae
1703 2548 1740 2582 A

219 2607 419 2643 sordiculae
442 2608 477 2643 G
548 2609 709 2643 lacernas
729 2609 765 2643 A
815 2609 860 2644 14
880 2609 1070 2644 concinant
1089 2609 1129 2643 D
1148 2608 1366 2644 concinnunt
1384 2606 1463 2643 ΒΨ
1480 2607 1739 2643 continnantA

219 2668 367 2701 uerrant
385 2677 429 2702 ex
446 2669 572 2702 nerant
590 2668 689 2702 m2A
707 2665 772 2703 uer
789 2668 837 2712 B,
857 2677 925 2703 om.
943 2667 976 2702 G
1048 2666 1222 2702 mandant
1239 2667 1283 2702 K
1287 2667 1323 2701 Ψ
1370 2667 1413 2701 15
1433 2666 1567 2701 olerum
1581 2664 1740 2700 KDPB

220 2724 401 2760 deieciunt
425 2726 460 2760 A
487 2725 672 2761 dehiciunt
695 2726 734 2761 D
833 2727 876 2762 16
902 2726 1086 2772 adponant
1115 2726 1224 2762 ¹Fa.c.‚
1244 2727 1431 2772 opponunt
1454 2726 1491 2759 A
1599 2726 1636 2760 et
1658 2724 1741 2759 fun-

220 2783 309 2817 dunt
333 2784 372 2818 D
428 2784 472 2819 18
497 2785 697 2820 ministeria
721 2785 841 2820 officia
864 2785 901 2820 A
996 2796 1066 2819 non
1092 2795 1160 2820 om.
1186 2784 1220 2822 ὖ
1318 2786 1486 2830 poterent
1508 2785 1545 2819 A
1601 2783 1645 2819 19
1669 2782 1738 2828 his]

221 2842 301 2876 aliis
331 2843 363 2877 G
459 2843 621 2878 laborum
647 2843 691 2878 K
783 2855 872 2890 quas
897 2845 997 2893 ipsae
1023 2854 1090 2879 om.
1114 2843 1148 2879 G
1244 2844 1322 2889 ipse
1338 2843 1452 2878 ΑΨΒ
1522 2842 1568 2877 20
1594 2843 1742 2887 superat

220 2901 387 2935 Aaron?
412 2902 619 2947 equiperent
647 2902 681 2937 G
707 2905 898 2948 operentur
922 2914 950 2938 s.
977 2903 999 2937 l.
1026 2902 1062 2936 B
1186 2903 1357 2937 uirtutem
1383 2902 1422 2936 D
1543 2899 1639 2946 quod
1665 2898 1740 2935 GD
