1884 3254
590 255 800 301 Epistula
826 255 908 290 xlv
939 255 1096 291 11—xv
1121 256 1142 290 2
1561 261 1616 302 63

92 386 332 427 cathedram
363 385 479 427 Petri
512 386 554 427 et
584 384 709 427 fidem
742 385 974 439 apostolico
1009 397 1078 427 ore
1110 385 1325 427 laudatam
1352 386 1496 428 censui
1523 399 1618 429 con-

91 456 310 498 sulendam
336 455 432 498 inde
458 465 567 498 nunc
599 468 717 497 meae
750 455 911 497 animae
942 455 1165 510 postulans
1199 455 1354 507 cibum,
1381 456 1489 499 unde
1517 457 1617 499 olim

91 525 247 569 Christi
273 527 529 569 uestimenta
553 526 733 581 suscepi.
766 538 902 580 neque
934 539 1035 568 uero
1062 529 1178 568 tauta
1203 527 1383 570 uastitas
1414 527 1616 582 liquentis

91 597 286 639 elementi
330 599 372 639 et
414 597 665 639 interiacens
715 596 937 651 longitudo
982 599 1184 639 terrarum
1232 610 1298 639 me
1343 611 1365 640 a
1407 598 1617 652 pretiosae

89 668 341 722 margaritae
365 668 506 722 potuit
536 668 809 721 inquisitione
835 668 1070 721 prohibere.
1097 682 1123 710 u
1136 668 1161 710 b
1174 669 1187 710 i
1199 681 1220 711 c
1231 682 1260 710 u
1271 682 1312 710 m
1325 682 1349 723 q
1362 682 1388 711 u
1400 682 1421 711 e
1447 670 1502 711 fu
1514 682 1534 711 e
1546 669 1617 711 rit

0 718 16 787 s,
91 751 303 793 corpus,
344 739 482 781 illuc
523 739 1005 794 congregabuntur
1042 742 1092 782 et
1131 740 1362 794 aquilae.
1393 740 1616 796 profligato

29 1035 63 1063 10

90 824 113 851 a
151 810 298 852 subole
337 811 448 852 mala
486 810 734 863 patrimonio
767 810 879 864 apud
912 823 990 852 uos
1029 810 1144 853 solos
1176 811 1420 865 incorrupta
1449 812 1617 865 patrum

89 884 284 923 seruatur
316 881 539 923 hereditas.
566 880 624 922 ibi
652 881 836 934 caespite
865 882 975 922 terra
1005 881 1186 922 fecundo
1221 881 1420 923 dominici
1446 881 1617 923 seminis

88 951 314 1005 puritatem
348 954 522 994 centeno
555 951 696 994 fructu
722 951 868 1000 1·efe1·t;
894 951 962 993 hic
996 951 1148 993 obruta
1178 952 1309 994 sulcis
1341 952 1552 994 frumenta
1575 952 1616 994 in

86 1022 236 1065 lolium
273 1035 512 1077 auenasque
551 1023 815 1077 degenerant.
854 1034 963 1064 nunc
1000 1022 1043 1064 in
1077 1022 1294 1065 occidente
1327 1024 1392 1065 sol
1422 1023 1613 1067 iustitiae

87 1092 237 1143 oritur;
264 1093 306 1134 in
333 1093 494 1135 oriente
519 1094 658 1135 autem
686 1092 838 1134 lucifer
862 1092 947 1145 ille,
975 1092 1046 1147 qui
1073 1093 1296 1143 ceciderat,
1325 1106 1454 1148 super
1478 1094 1617 1137 sidera

86 1164 231 1217 posuit
249 1164 447 1206 thronum
470 1176 608 1205 suum.
637 1176 726 1206 uos
755 1163 882 1206 estis
908 1163 991 1205 lux
1019 1164 1202 1215 mundi,
1224 1177 1315 1207 uos
1343 1165 1418 1207 sal
1438 1168 1614 1216 terrae,

86 1247 164 1277 uos
196 1247 300 1277 uasa
332 1247 459 1276 aurea
491 1236 534 1276 et
565 1236 782 1289 argentea,
814 1234 884 1277 hic
916 1237 1107 1278 testacea
1137 1248 1240 1278 uasa
1270 1236 1342 1278 uel
1367 1235 1509 1291 lignea
1534 1237 1616 1278 uir—

2 1326 26 1346 ·‚
87 1318 179 1361 gam
214 1306 388 1348 ferream
422 1309 464 1347 et
496 1308 710 1348 aeternum
744 1306 1019 1360 opperiuntur
1048 1307 1302 1349 incendium.

0 1378 62 1423 [15

145 1378 185 1418 2.
215 1376 481 1432 Quamquam
502 1378 635 1432 igitur
653 1378 717 1420 tui
737 1390 804 1420 me
824 1379 980 1420 terreat
1005 1378 1268 1433 magnitudo,
1295 1381 1437 1420 tamen
1462 1378 1618 1421 inuitat

85 1448 337 1491 humanitas.
371 1462 394 1491 a
426 1448 642 1491 sacerdote
674 1448 853 1491 uictima
886 1449 1082 1500 salutem,
1111 1462 1134 1491 a
1158 1451 1328 1504 pastore
1359 1449 1617 1504 praesidium

88 1519 182 1563 ouis
207 1519 364 1575 flagito.
390 1520 573 1563 facessat
595 1519 770 1571 inuidia,
796 1520 976 1562 Romani
1002 1520 1200 1563 culminis
1225 1520 1397 1563 recedat
1420 1520 1615 1563 ambitio:

89 1603 183 1634 cum
216 1604 460 1634 successore
485 1592 710 1646 piscatoris
737 1594 780 1634 et
811 1591 1020 1645 discipulo
1055 1591 1191 1635 crucis
1223 1593 1383 1647 loquor.
1416 1605 1495 1648 ego
1527 1593 1618 1634 nul-

87 1662 177 1704 lum
214 1663 398 1717 primum
433 1663 515 1705 nisi
556 1662 772 1706 Christum
813 1675 994 1717 sequens
1032 1662 1288 1705 beatitudini
1323 1665 1435 1716 tuae,
1471 1663 1517 1705 id
1554 1666 1619 1706 est

206 1780 228 1813 4
256 1779 299 1815 cf.
327 1779 456 1814 Matth.
486 1779 542 1823 13,
568 1780 614 1815 46
690 1780 711 1814 5
736 1780 823 1815 Luc.
845 1780 900 1824 17,
921 1780 979 1817 37.
1001 1779 1045 1815 ef.
1066 1779 1197 1815 Matth.
1218 1780 1274 1821 24,
1293 1780 1339 1815 28
1391 1779 1432 1814 11
1457 1779 1500 1815 cf.
1520 1750 1617 1815 Esai.

92 1839 145 1883 14,
174 1839 312 1874 12—15
402 1839 445 1874 12
471 1839 604 1875 Matth.
630 1841 663 1884 5,
691 1839 736 1874 14
832 1839 964 1877 Matth.
991 1841 1024 1882 5,
1054 1840 1097 1875 13
1192 1840 1235 1874 13
1262 1838 1307 1874 cf.
1334 1839 1370 1874 II
1395 1838 1485 1875 Tim.
1512 1838 1545 1881 2,
1572 1840 1618 1874 20

90 1898 135 1933 cf.
160 1899 272 1944 Apoc.
299 1899 333 1943 2,
358 1899 404 1934 27
480 1899 525 1934 14
553 1898 597 1934 cf.
623 1898 736 1944 Apoc.
764 1899 819 1941 18,
847 1899 868 1934 9

139 1969 155 2002 1
185 1968 386 2014 apostolica
411 1979 509 2003 more
536 1979 555 2003 c
641 1968 898 2004 consulendum
923 1968 975 2003 W
995 1967 1255 2004 consalandum
1281 1979 1299 2003 c
1324 1967 1577 2003 consolandam
1598 1967 1618 2001 b

89 2028 110 2062 2
129 2027 227 2073 inde]
247 2026 330 2063 ideo
349 2026 405 2068 b.c
423 2030 544 2072 (corr.)
617 2027 857 2073 postulentD
905 2028 926 2063 3
947 2028 1082 2073 suscipi
1101 2027 1317 2069 Wa.c.n12,b
1391 2037 1476 2062 uero
1495 2037 1562 2062 om.
1577 2027 1618 2061 cb

90 2087 260 2132 uastitas]
288 2079 371 2123 uffs
397 2098 416 2123 c
513 2087 616 2124 elem.
642 2087 706 2132 liq.
733 2087 930 2133 (loquentis
955 2087 1009 2131 D)
1036 2086 1108 2122 DS
1202 2087 1225 2121 4
1250 2087 1286 2121 in
1312 2088 1409 2122 terra
1434 2086 1555 2121 iacens
1580 2086 1619 2121 D

90 2157 147 2182 me
173 2148 207 2192 a]
234 2151 315 2182 mea
345 2146 396 2182 W
473 2159 493 2181 a
518 2157 610 2183 eras.
637 2157 655 2182 c
732 2146 850 2192 priore
877 2157 895 2181 c
944 2147 965 2180 5
991 2146 1188 2191 margarita
1214 2156 1232 2181 c
1303 2145 1540 2191 inquisicione
1571 2145 1623 2180 W

90 2206 322 2252 impositione
349 2218 366 2242 c
433 2207 454 2241 6
479 2206 554 2241 iilic
581 2206 787 2250 La.c.m2,g
859 2208 896 2240 et
920 2204 994 2250 LS,
1021 2215 1088 2240 om.
1117 2209 1179 2240 cet.
1249 2205 1269 2239 7
1295 2204 1329 2250 a]
1356 2207 1393 2239 et
1418 2204 1452 2239 L
1525 2207 1617 2250 patr.

89 2276 135 2301 m.
155 2265 230 2300 sob.
252 2265 282 2300 S
353 2265 478 2300 subole
492 2264 796 2306 L‚Wa.c.m2,Do
821 2264 947 2310 sobule
968 2264 988 2298 b
1007 2263 1132 2298 sobole
1153 2262 1365 2308 (Wp.c.m2)
1385 2266 1450 2299 cet.
1522 2263 1617 2298 malo

91 2323 131 2359 cb
217 2323 330 2358 solum
359 2335 377 2358 c
459 2325 552 2368 patr.
579 2324 686 2367 seru.]
711 2325 836 2357 manet
861 2324 1001 2368 patrum
1028 2322 1059 2358 S
1105 2322 1126 2357 8
1152 2323 1350 2357 auctoritas
1375 2321 1482 2357 LDS
1551 2321 1618 2366 ibi]

91 2383 151 2418 ubi
179 2383 219 2418 cb
347 2382 475 2428 cispite
503 2382 524 2417 b
550 2382 687 2427 cespite
713 2384 776 2417 cet.
891 2384 1010 2416 terrae
1036 2381 1100 2417 eob
1197 2383 1218 2417 9
1245 2383 1436 2416 centenum
1462 2380 1617 2416 fructum

91 2442 291 2486 e‚Bp.c.m2
315 2444 467 2477 centena
490 2441 613 2487 (corr.)
639 2441 759 2476 fructu
783 2440 818 2475 L
843 2442 995 2476 centena
1020 2440 1138 2476 fructa
1162 2439 1202 2475 D
1321 2439 1454 2491 referet
1479 2441 1572 2484 (tert.
1600 2451 1618 2474 e

91 2503 187 2548 exp.)
206 2500 242 2535 B
316 2500 446 2536 obruta
471 2502 557 2536 sunt
580 2500 631 2535 W
699 2500 736 2535 in
763 2511 830 2536 om.
853 2499 959 2534 LDS
1007 2499 1052 2535 10
1071 2500 1181 2545 nunc]
1208 2499 1304 2534 hunc
1323 2499 1363 2534 D
1412 2499 1454 2534 11
1483 2499 1619 2534 oriatur

92 2562 128 2606 (a
151 2562 259 2604 eras.)
290 2560 342 2595 W
418 2560 593 2595 orientem
625 2559 677 2595 W
752 2562 872 2595 autem
898 2570 965 2595 om.
1000 2559 1052 2595 W
1125 2559 1186 2595 ille
1213 2570 1280 2595 om.
1308 2559 1348 2594 cb
1422 2557 1554 2594 cecidit
1577 2558 1618 2593 cb

93 2622 130 2655 et
154 2631 260 2665 super
278 2631 299 2655 o
325 2631 434 2666 supra
453 2619 483 2655 S
532 2620 574 2654 13
592 2630 665 2656 aur.
686 2631 762 2655 nas.
781 2631 806 2665 g
880 2621 917 2654 et
936 2620 1124 2665 argentea]
1143 2619 1185 2654 in
1203 2630 1271 2664 my.
1291 2618 1338 2663 B,
1358 2628 1427 2654 om.
1455 2628 1474 2653 c
1544 2617 1616 2662 hie]

93 2679 130 2714 in
153 2679 204 2714 W
273 2681 370 2714 testa
389 2690 408 2714 c
432 2680 551 2714 testea
570 2689 634 2714 ceu
655 2678 686 2714 S
734 2679 777 2714 14
798 2678 1032 2724 opperiuntur
1050 2677 1112 2713 Do
1132 2678 1342 2724 operiuntur
1360 2681 1423 2712 cet.
1481 2676 1524 2711 15
1544 2676 1617 2710 inu.

93 2739 178 2773 tam.
203 2750 227 2784 ς
277 2738 321 2773 16
346 2738 513 2773 uictimas
540 2738 580 2772 eb
606 2737 776 2773 uictimae
801 2740 995 2782 oa.c.m2,g
1068 2749 1088 2772 a
1115 2737 1224 2782 past]
1247 2738 1390 2782 pastore
1416 2746 1434 2770 c
1486 2735 1528 2769 17
1555 2734 1618 2770 fla-

95 2800 212 2832 cessat
238 2797 289 2838 cub
316 2797 343 2837 (l
370 2797 465 2843 esp.)
489 2796 648 2833 facescat
672 2796 704 2832 S
726 2796 882 2832 absistat
906 2796 946 2831 Ι)
1066 2796 1196 2831 iniuria
1220 2795 1255 2830 L
1365 2795 1408 2829 18
1436 2796 1472 2829 et
1498 2804 1564 2831 om.
1591 2793 1622 2829 S

94 2857 222 2902 crucis]
250 2856 308 2902 xpi
328 2856 435 2891 LDS
526 2856 665 2891 nullum
685 2855 722 2891 id
742 2862 760 2891 e
781 2856 815 2890 L
879 2856 922 2891 19
942 2855 1181 2891 beatitudinis
1200 2854 1282 2890 ch
1378 2853 1414 2888 id
1436 2853 1504 2899 est]
1524 2855 1566 2887 ut
1586 2852 1618 2887 L
