1884 3254
80 1044 116 1072 10

80 1401 115 1429 15

650 267 857 313 Epistula
882 267 1030 303 XXXIV
1058 269 1149 303 1—3
1578 273 1661 314 26].

139 397 315 440 machus
346 395 463 452 ἄρτον
492 397 870 452 κακοπαθούμενον,
898 397 1009 451 quod
1041 397 1286 451 exprimitur
1311 402 1471 452 ‘panem
1505 412 1665 441 aerum-

140 474 318 517 nosum'.
340 467 493 522 quinta
512 467 639 510 editio
667 469 710 509 et
729 468 1002 511 Theodotion.
1031 470 1102 522 qui
1127 469 1168 511 in
1196 470 1346 511 ceteris
1375 482 1470 512 cum
1498 472 1663 524 septua-

140 540 255 595 ginta
291 538 613 581 translatoribus
645 538 760 587 facit,
793 542 955 593 ‘panem
989 539 1225 583 idolorum'.
1266 544 1382 582 sexta
1419 540 1587 596 πλάνης.
1622 540 1663 582 id

140 613 206 652 est
248 610 439 652 ‘el-roris'.
482 621 557 651 nec
600 609 835 651 mirandum
881 610 930 652 de
974 610 1143 664 Aquila,
1190 611 1225 652 si
1269 610 1548 666 διαπονήματα
1591 624 1664 666 pro

139 681 294 723 ‘idolis'
323 682 464 735 ponat,
498 692 593 722 cum
628 692 753 734 opera
785 693 985 723 manuum
1016 681 1199 723 hominis
1233 681 1317 724 sint
1349 683 1391 723 et
1422 682 1665 736 prophetice

138 751 321 806 populus
354 752 553 806 arguatur
583 750 636 792 ad
667 750 873 805 templum
912 751 1099 794 diluculo
1139 752 1295 794 frustra
1332 764 1585 806 consurgere
1624 754 1666 795 et

139 823 237 876 post
267 822 451 875 quietem
484 820 537 863 ad
568 821 853 863 sanctuarium
887 822 1098 872 festinare,
1133 835 1229 865 cum
1261 822 1375 864 idola
1413 822 1479 864 dei
1510 823 1666 865 honore

138 895 402 942 uenerentur,
435 892 667 935 secundum
700 893 812 946 quod
842 893 1068 936 Ezechihel
1100 894 1271 948 scripsit
1307 894 1347 935 in
1380 893 1473 947 ipso
1505 893 1665 947 templo

140 963 371 1006 sacrificare
402 962 526 1005 idolis
566 963 820 1007 sacerdotes,
863 966 912 1006 ut
949 966 1090 1006 autem
1127 964 1294 1017 plenius
1333 963 1554 1006 adducaris
1591 976 1665 1018 pro

140 1035 308 1077 ‘dolore'
339 1034 380 1075 in
412 1034 602 1076 Hebraeo
639 1029 776 1076 ‘idola'
806 1035 958 1089 posita,
994 1035 1070 1078 hoc
1102 1035 1243 1089 ipsum
1275 1035 1468 1087 uerbum,
1496 1035 1575 1077 hoc
1602 1037 1668 1078 est

139 1105 366 1154 ‘aasabim'‚
382 1105 506 1146 etiam
528 1104 570 1146 in
591 1105 822 1147 centesimo
843 1106 967 1147 tertio
984 1105 1145 1148 decimo
1166 1106 1328 1159 psalmo
1345 1105 1549 1159 scriptum
1567 1104 1666 1159 Sep-

138 1176 332 1231 tuaginta
350 1187 516 1230 quoque
531 1175 671 1218 ‘idola’
685 1177 1002 1218 transtulerunt.
1016 1190 1111 1219 nam
1131 1177 1173 1219 in
1188 1190 1235 1219 eo
1250 1177 1357 1226 loce,
1372 1176 1445 1219 ubi
1460 1176 1664 1231 legimus:

138 1247 271 1289 idola
323 1246 546 1301 gentium
590 1249 849 1301 argentum
900 1250 948 1289 et
997 1261 1182 1298 aurum,
1236 1260 1384 1302 opera
1433 1260 1664 1289 manuum

138 1316 402 1366 hominum,
442 1316 482 1357 in
522 1316 714 1359 Hebraeo
754 1317 881 1359 habet
918 1318 1155 1368 ‘asabeem’,
1196 1318 1308 1371 quod
1345 1318 1502 1372 Aquila
1538 1318 1664 1360 inter-

138 1389 328 1442 pretatur
350 1386 668 1430 ‘elaborationes
697 1388 866 1430 eorum'.
895 1387 1017 1438 unde,
1045 1401 1141 1431 cum
1162 1389 1223 1431 ita
1249 1402 1293 1431 se
1320 1389 1474 1431 ueritas
1500 1389 1666 1440 habeat,

137 1458 293 1501 frustra
313 1458 482 1512 quidam
503 1458 658 1501 doloris
684 1471 836 1513 panem
855 1461 929 1500 aut
948 1459 1229 1502 hereticorum
1255 1459 1509 1515 intellegunt
1535 1472 1666 1502 sacra·

138 1531 279 1572 menta
305 1531 379 1571 aut
403 1530 515 1571 uitae
538 1530 664 1572 istius
692 1529 945 1572 miserabilis
972 1531 1015 1572 et
1041 1537 1315 1572 aerumnosae
1339 1530 1670 1584 interpretantur

138 1601 338 1651 laborem,
365 1600 476 1654 apud
504 1613 629 1654 quam
649 1600 689 1643 in
711 1600 862 1643 sudore
882 1601 1005 1644 faciei
1027 1601 1286 1643 comedimus
1307 1614 1457 1656 panem
1477 1603 1668 1644 nostrum

138 1671 330 1725 interque
369 1671 513 1725 spinas
552 1673 594 1713 et
630 1671 812 1714 tribulos
855 1672 998 1714 breuis
1038 1672 1153 1714 uitae
1192 1672 1392 1714 alimenta
1427 1674 1668 1715 nascuntur.

201 1743 240 1784 3.
278 1742 391 1784 Illud
431 1755 598 1797 quoque
635 1743 686 1785 de
724 1743 869 1785 eodem
908 1743 1072 1797 psalmo
1109 1743 1366 1798 interrogare
1405 1743 1578 1798 dignata
1610 1740 1668 1795 es,

141 1813 212 1867 qui
245 1814 330 1856 sint
359 1813 462 1855 filii
496 1826 836 1856 excussorum.
867 1814 996 1856 miror
1026 1817 1069 1856 te
1100 1813 1144 1856 in
1169 1813 1323 1859 Hilarii
1355 1814 1668 1856 commentariis

140 1896 220 1926 non
251 1884 407 1939 legisse
440 1897 711 1927 excussorum
744 1884 854 1927 filios
888 1884 1146 1928 credentium
1179 1885 1360 1940 populos
1390 1884 1668 1939 interpretari,

259 2057 281 2092 8
307 2056 350 2092 cf.
376 2056 505 2092 Ezech.
530 2056 563 2101 8,
593 2057 648 2092 11·
753 2057 796 2093 13
824 2055 905 2093 *Pa
934 2057 1013 2102 113,
1042 2058 1085 2093 12
1210 2057 1252 2093 18
1279 2057 1325 2093 cf.
1351 2057 1441 2093 Gen.
1468 2058 1502 2098 3,
1530 2057 1670 2093 18-19

140 2116 185 2150 21
224 2116 284 2152 Ps.
319 2115 396 2160 126,
435 2116 457 2150 4
608 2116 651 2152 cf.
685 2117 855 2160 Hilarius,
887 2118 992 2153 tract.
1030 2117 1070 2152 in
1106 2116 1235 2163 psalm.
1273 2115 1419 2153 CXXVI
1453 2117 1495 2152 19
1535 2116 1669 2161 (CSEL

143 2175 246 2210 XXII
271 2175 353 2220 626)

190 2271 207 2306 1
236 2269 702 2306 KAKAIIATOTMENON
729 2271 804 2307 HD
827 2269 1231 2308 ΚΑΠΑΤΟΥΜΕΝΟΝ
1256 2272 1291 2306 A
1315 2258 1670 2307 KAKNATOTME-

141 2329 246 2365 NON
265 2330 301 2364 B
374 2330 562 2375 exponitur
578 2342 604 2375 ς
650 2331 672 2366 2
696 2330 890 2366 theodocio
909 2331 946 2366 Β
995 2331 1016 2367 3
1042 2330 1342 2366 translationibus
1368 2330 1404 2365 A
1476 2330 1668 2376 idolorum]

142 2388 304 2423 dolorum
325 2389 361 2424 Β
444 2387 643 2425 HAANNC
662 2389 736 2425 AB
812 2391 836 2425 4
859 2390 1006 2425 terroris
1024 2390 1062 2425 Β
1144 2391 1222 2425 mir.
1249 2391 1305 2425 est
1321 2401 1346 2435 ς
1432 2388 1673 2437 διαπονήματα

141 2447 250 2483 uarie
272 2448 446 2493 scriptum
468 2448 510 2484 in
534 2449 638 2484 codd.
713 2450 733 2485 7
758 2449 858 2485 idola
882 2461 949 2485 om.
975 2450 1013 2484 B
1084 2450 1106 2485 8
1132 2448 1229 2495 quod
1255 2451 1292 2484 et
1319 2449 1358 2484 H
1426 2448 1582 2484 ezechiel
1599 2448 1677 2483 ΛΠ

141 2507 362 2542 iezechielB
434 2507 607 2543 scribitB
657 2508 699 2544 11
715 2508 1130 2554 aasabbaymBasabim
1144 2512 1211 2544 cet.
1284 2508 1360 2544 dec.
1374 2510 1457 2543 tert.
1471 2519 1496 2553 ς
1560 2507 1672 2552 scrip-

142 2569 220 2600 tum
244 2566 280 2600 Β
305 2565 477 2611 scriptum
503 2569 559 2601 est
583 2570 646 2603 cet.
723 2567 766 2602 12
791 2578 873 2602 nam
899 2570 937 2603 et
959 2579 984 2613 g
1061 2568 1103 2602 14
1127 2568 1283 2603 habetur
1307 2578 1331 2612 g
1422 2567 1612 2602 asebbeem
1636 2565 1673 2599 B

145 2624 188 2659 15
214 2623 478 2661 elaborationes
503 2625 539 2660 B
563 2625 637 2661 ·nis
662 2629 725 2661 cet.
799 2637 838 2661 se
864 2626 952 2672 uer.]
980 2637 1018 2661 se
1037 2626 1074 2661 Β
1099 2637 1172 2662 uer.
1199 2637 1238 2661 se
1256 2637 1281 2671 g
1331 2625 1375 2660 16
1400 2636 1472 2660 non
1498 2624 1632 2659 frustra
1649 2634 1674 2668 ς

143 2682 288 2728 quidam
310 2683 348 2717 H
363 2683 505 2728 quidem
525 2688 587 2719 eet.
648 2685 690 2720 17
711 2685 974 2731 interpretatur
992 2685 1032 2720 D
1081 2685 1125 2720 18
1152 2683 1409 2720 commedimus
1429 2684 1465 2718 A
1514 2683 1558 2718 19
1577 2682 1672 2716 inter

146 2752 237 2787 quae
264 2742 303 2777 11
323 2745 361 2778 et
386 2744 481 2777 inter
503 2741 528 2788 ἐ
647 2743 818 2779 elimenta
843 2744 1038 2789 (elementa
1062 2746 1138 2789 ΜΩ)
1163 2749 1199 2779 A
1319 2743 1365 2778 20
1392 2742 1548 2788 quoque]
1577 2740 1671 2786 quod

145 2800 232 2836 add.
258 2803 321 2836 m2
346 2802 381 2836 A
407 2811 548 2847 quoque
575 2803 658 2848 quia
677 2803 714 2838 Β
785 2803 828 2838 21
851 2814 1057 2839 excusorum
1083 2805 1118 2839 A
1215 2802 1345 2848 hylarii
1370 2803 1404 2837 A
1495 2802 1541 2836 22
1568 2811 1671 2836 excu-

145 2871 264 2895 sorum
291 2861 327 2895 A
