1884 3254
637 214 842 259 Epistula
865 214 1021 250 XXXIII
1049 215 1139 250 1—4
1560 222 1643 262 255

123 355 226 398 gum
269 343 346 384 est.
385 341 455 383 uix
491 340 678 383 medium
716 340 920 394 descripsi
955 341 1135 384 indicem
1175 344 1218 384 et
1252 342 1493 398 legentibus
1529 345 1646 387 fasti-

125 413 241 456 dium
273 415 351 456 est.
494 463 499 466 ᾖ

184 485 222 526 3.
251 484 310 527 At
346 496 369 526 e
406 484 610 527 contrario
648 488 793 526 nostra
830 485 1000 526 saecula
1037 484 1192 527 habent
1229 485 1421 528 homines
1460 486 1647 530 eruditos

123 555 361 610 sciuntque,
386 555 526 609 pisces
558 555 600 596 in
632 566 714 608 quo
742 554 910 610 gurgite
942 555 1031 596 nati
1063 555 1160 607 sint,
1187 569 1294 609 quae
1321 557 1479 599 concha
1502 557 1544 599 in
1566 570 1648 611 quo

80 636 97 663 5
121 626 246 669 litore
278 626 471 668 creuerit.
503 625 553 667 de
584 625 806 667 turdorum
845 625 995 668 saliuis
1026 637 1108 667 non
1140 626 1410 681 ambigimus,
1443 627 1649 671 Paxamus

122 699 164 740 et
199 697 378 751 Apicius
417 709 584 750 semper
619 697 662 738 in
701 696 912 747 manibus,
953 696 1065 739 oculi
1102 696 1155 738 ad
1192 697 1460 749 hereditates,
1499 711 1648 741 sensus

123 769 175 812 ad
204 769 369 824 patinas
402 771 457 819 et,
491 768 527 810 si
560 767 655 822 quis
694 767 745 810 de
775 767 1041 822 philosophis
1078 768 1148 810 uel
1186 767 1236 810 de
1276 767 1537 820 Christianis,
1577 770 1649 823 qui

120 853 220 883 uere
256 838 499 894 philosophi
537 841 650 889 sunt,
688 839 788 881 trito
826 838 955 892 pallio
995 841 1038 881 et
1081 838 1250 881 sordida
1293 840 1436 882 tunica
1477 841 1648 883 lectioni

120 911 349 962 uacauerit,
383 910 505 964 quasi
535 917 721 952 uesanus
753 909 1002 963 exploditur.

62 993 96 1021 ιο
180 982 221 1024 4.
256 980 469 1034 Quorsum
501 980 699 1023 Varronis
733 983 776 1022 et
800 979 1063 1023 Chalcenteri
1095 980 1253 1023 mentio
1285 981 1398 1024 facta
1428 982 1499 1033 sit,
1526 995 1650 1036 quae-

120 1053 242 1096 ritis?
268 1052 482 1102 uidelicet,
509 1053 559 1094 ut
589 1051 641 1094 ad
665 1051 968 1094 Adamantium
999 1054 1194 1094 nostrum
1223 1054 1501 1106 nostrumque
1528 1053 1661 1096 Chal--

123 1126 337 1166 centerum
386 1122 623 1174 ueniamus,
676 1122 748 1176 qui
796 1123 914 1164 tanto
964 1122 1007 1164 in
1057 1124 1298 1164 sanctarum
1349 1123 1650 1176 scripturarum

121 1194 434 1238 commentariis
462 1194 614 1236 sudore
639 1193 862 1244 laborauit,
882 1195 932 1235 ut
955 1193 1069 1236 iuste
1097 1193 1333 1236 adamantis
1358 1206 1508 1236 nomen
1535 1207 1648 1237 acce-

121 1266 242 1320 perit.
273 1265 408 1308 uultis
446 1278 584 1314 nosse,
617 1266 773 1318 quanta
808 1264 969 1319 ingenii
1007 1264 1075 1307 sui
1111 1264 1331 1319 reliquerit
1362 1265 1646 1308 monimenta?

62 1349 96 1378 15
121 1349 300 1392 sequens
344 1337 497 1378 titulus
542 1335 755 1378 ostendet:
801 1335 973 1389 scripsit
1016 1335 1063 1377 In
1108 1334 1307 1378 Genesim
1357 1335 1487 1378 libros
1531 1336 1647 1387 XIII,
1685 1339 1709 1374 2

122 1407 347 1450 Mistarum
379 1407 627 1449 omeliarum
659 1407 790 1448 libros
822 1407 876 1458 II,
910 1407 957 1448 In
989 1407 1180 1448 Exodum
1212 1409 1418 1460 excerpta,
1450 1407 1498 1448 ln
1528 1407 1651 1448 Leui-

117 1479 248 1521 ticum
277 1481 483 1533 excerpta,
511 1477 771 1521 Stromatum
802 1478 933 1520 libros
960 1478 1011 1529 X,
1038 1478 1084 1519 In
1111 1478 1266 1520 Isaiam
1298 1478 1429 1521 libros
1454 1477 1647 1526 XXXVI,

117 1550 219 1592 item
263 1550 310 1591 In
348 1550 502 1592 Isaiam
547 1552 753 1603 excerpta,
791 1549 839 1591 In
878 1548 987 1591 Osee
1032 1549 1083 1591 de
1120 1548 1291 1590 Effraim
1335 1548 1491 1590 librum
1529 1549 1562 1602 I,
1599 1549 1647 1590 In

119 1619 226 1663 Osee
265 1621 626 1671 commentarium,
663 1621 712 1662 In
743 1620 862 1663 Iohel
898 1619 1031 1662 libros
1062 1620 1117 1670 II,
1155 1620 1202 1661 In
1240 1618 1372 1661 Amos
1410 1619 1541 1662 libros
1574 1619 1647 1671 VI,

57 1702 92 1733 20
115 1691 164 1734 In
190 1692 333 1734 Ionam
368 1692 522 1734 librum
553 1692 587 1743 I,
613 1692 659 1734 In
686 1691 897 1734 Micheam
928 1691 1060 1733 libros
1086 1690 1163 1741 ΙΠ,
1188 1691 1237 1733 In
1263 1690 1403 1732 Naum
1433 1690 1564 1733 libros
1590 1690 1648 1744 Π,

115 1764 163 1805 In
202 1763 373 1805 Abacuc
415 1762 546 1804 libros
583 1762 662 1812 III,
699 1762 746 1804 In
786 1761 1042 1816 Sophoniam
1085 1761 1217 1803 libros
1261 1760 1315 1813 Π,
1357 1761 1404 1803 In
1448 1761 1646 1816 Aggeum

115 1834 270 1876 librum
298 1834 331 1884 I,
358 1834 405 1875 ln
436 1832 640 1888 principio
668 1833 891 1875 Zachariae
923 1832 1054 1874 libros
1080 1832 1136 1882 II,
1162 1832 1210 1874 In
1236 1831 1490 1874 Malachiam
1514 1831 1646 1874 libros

114 1906 170 1957 II,
195 1905 243 1946 In
268 1903 514 1947 Hiezechiel
539 1903 669 1946 libros
696 1903 914 1954 XXVIIII,
940 1903 1147 1956 Excerpta
1171 1902 1213 1944 in
1239 1902 1435 1945 Psalmos
1462 1914 1486 1944 a
1510 1903 1646 1957 primo

165 2044 182 2077 1
209 2042 365 2078 inuicem
390 2040 490 2077 Hom
587 2042 608 2077 3
635 2041 817 2079 contraria
841 2038 919 2086 (⁸3,OE
945 2040 1068 2086 (corr.)
1175 2040 1199 2075 4
1224 2041 1310 2075 sunt
1327 2039 1428 2075 Hom
1536 2041 1557 2076 5
1582 2041 1643 2076 lit-

113 2104 192 2138 tore
216 2102 318 2138 Hom
412 2101 597 2136 turbarum
622 2100 723 2136 Hom
805 2100 827 2135 8
854 2100 953 2146 uere]
982 2111 1026 2134 ue
1045 2099 1078 2145 ῧ
1164 2099 1209 2135 10
1234 2109 1404 2144 quorsum
1423 2099 1548 2144 Homg
1573 2111 1643 2146 quo

114 2173 251 2198 rursum
277 2161 366 2205 Rus
455 2161 651 2196 ealcenteri
676 2158 854 2196 Homcsffi
955 2160 997 2195 11
1024 2161 1136 2195 nostr.
1164 2159 1221 2195 ad.
1248 2157 1357 2195 OEQOE
1381 2161 1494 2194 nostr.
1521 2169 1643 2194 aman-

113 2222 205 2257 tium
236 2221 270 2267 g-
302 2220 546 2256 adamantium
579 2218 665 2257 §mo
811 2210 1053 2255 calcen'terum
1091 2216 1281 2264 OEaefffflm
1320 2218 1573 2263 calcenterium
1605 2217 1643 2255 Q

116 2281 160 2316 12
185 2280 306 2326 tanto]
331 2281 436 2316 tanto
460 2280 582 2316 studio
607 2291 632 2325 g
778 2290 959 2314 sacrarum
985 2277 1057 2324 Q&
1179 2278 1222 2314 13
1250 2280 1442 2313 comment.
1467 2288 1538 2313 om.
1561 2277 1651 2322 Rus

114 2339 237 2375 labore
263 2339 410 2375 sudauit
434 2339 520 2385 Rus
611 2338 812 2374 adamantii
837 2337 885 2374 21st
987 2338 1031 2372 14
1055 2348 1202 2373 noscere
1229 2335 1316 2374 §mm
1412 2339 1644 2371 monumenta

114 2398 235 2445 55th
311 2399 356 2434 15
381 2399 541 2434 ostendit
565 2398 653 2444 Rus
720 2398 844 2443 genesi
870 2395 1021 2433 Homffll
1089 2396 1197 2431 XIIII
1222 2396 1321 2431 Hom
1385 2395 1428 2430 16
1454 2396 1640 2430 mistarum

114 2459 170 2503 (id
193 2462 244 2494 eet
268 2458 474 2502 mixtarum)
499 2456 667 2503 &5589ss
697 2457 846 2492 istarum
874 2454 961 2492 §mm
993 2456 1152 2491 locurum
1178 2453 1245 2491 (33Εῷ
1275 2454 1443 2490 localium
1471 2453 1543 2499 Q&
1568 2464 1641 2499 my-

115 2518 284 2553 sticarum
316 2528 351 2562 g,
382 2529 450 2554 om.
482 2515 516 2553 ff>
553 2516 743 2551 moralium
767 2515 1030 2560 Redepenninq
1061 2513 1351 2559 exegeticarum‘?
1376 2513 1643 2548 Klostermann

114 2577 196 2612 libri
218 2577 287 2612 duo
309 2575 575 2622 &Simrffissac
595 2576 632 2611 11
651 2575 735 2610 libri
755 2573 789 2611 Q
865 2574 976 2610 exodo
997 2572 1162 2610 (simini)
1235 2573 1288 2618 in]
1306 2572 1363 2607 III
1383 2571 1420 2608 Q
1492 2571 1641 2606 leuitico

113 2636 202 2681 Rus
259 2637 299 2670 17
318 2638 616 2679 stromatum-p.
643 2635 734 2679 256,
760 2637 808 2669 18
832 2636 950 2668 tomos
970 2633 1015 2678 V]
1043 2635 1080 2668 et
1104 2634 1187 2677 post
1211 2632 1326 2667 multa
1352 2631 1439 2676 Rus
1504 2630 1639 2675 ysaiam

115 2694 188 2741 Q&
273 2695 317 2730 18
341 2695 478 2740 ysaiam
506 2694 538 2739 ἲς
635 2694 795 2739 ephraim
821 2692 854 2739 ῧ
949 2692 979 2738 Ι]
1007 2703 1114 2727 unum
1142 2691 1174 2737 ῧ
1257 2691 1301 2726 21
1330 2691 1466 2726 abacuc
1492 2688 1529 2725 Q
1555 2689 1639 2723 aba-

116 2754 204 2789 cuch
229 2751 296 2789 OE&
322 2753 480 2788 abbacuc
496 2752 530 2798 {³⁷5
579 2753 623 2788 23
650 2752 848 2788 hiezechiel
867 2751 899 2797 ῧ
924 2751 1118 2786 iezechiele
1139 2749 1204 2786 (ᾇζξ
1231 2749 1401 2785 iezechiel
1421 2746 1458 2784 Q
1532 2746 1639 2782 XXV.

114 2813 199 2848 1111.
225 2811 263 2849 Q
290 2813 405 2847 XXIX
434 2808 534 2857 (5553
560 2812 618 2854 (de
642 2822 792 2847 numero
817 2812 864 2855 cf.
889 2810 1171 2855 Klostermann)
