1884 3254
85 717 104 744 5

68 1074 102 1102 10

4 1087 18 1131 νο
13 1067 16 1071 .
6 989 14 994 ι
5 923 12 925 v
4 891 11 895 ι
4 827 13 851 -Ἴ,

67 1426 102 1457 1'5
110 1417 112 1420 ’

69 1784 105 1812 20

12 2613 27 2709 ‘fa-»e-
12 2583 23 2589 ι

13 3087 37 3254 Π»,
12 2851 25 3080 “evm-«200.-
12 2784 22 2834 w«
20 2770 26 2776 ,
12 2736 21 2763 m<
14 2722 20 2729 -

645 294 853 340 Epistula
879 294 972 330 LXV
1001 294 1136 330 14—16
1570 299 1654 340 637

129 426 266 466 mate
292 434 465 475 aureo,
494 422 773 477 Symmachus
794 424 1099 467 t1·anstulit:in
1127 437 1253 467 auro
1280 425 1464 478 primo,
1486 425 1655 479 Aquila.

130 495 276 548 quinta
314 497 356 536 et
393 490 529 536 sexta:
574 494 624 535 in
671 494 915 549 tinctura
958 495 1027 537 uel
1064 495 1114 536 in
1161 507 1286 538 auro
1327 494 1504 550 Ophir.
1551 508 1656 549 quae

127 565 238 607 filiae
266 578 415 619 regum
448 567 546 607 sunt
577 567 620 607 et
647 565 691 607 in
717 565 860 619 sponsi
889 568 1086 619 parantur
1111 566 1342 621 amplexus,
1374 579 1450 620 per
1475 580 1656 609 murram

129 638 172 678 et
201 638 368 691 guttam
401 638 443 677 et
468 635 648 678 cassiam
675 638 718 677 et
743 635 893 678 domus
920 637 1123 679 eburneas
1150 637 1363 680 delectant
1389 650 1500 685 eum,
1533 638 1656 680 cuius

129 707 306 749 thronus
342 706 384 748 in
422 707 640 748 saeculum
679 707 839 749 saeculi
878 709 956 749 est.
996 719 1102 760 quae
1141 710 1283 750 autem
1313 708 1397 750 iam
1431 720 1557 761 super
1588 721 1656 763 pe-

125 774 233 820 tram
273 776 487 820 Christum
533 777 676 818 stabili
718 777 857 819 radice
900 777 1074 820 fundata
1111 781 1178 820 est
1215 778 1426 821 catholica
1463 778 1655 830 ecclesia,

126 860 211 890 una
247 847 457 898 columba,
495 847 681 901 perfecta
720 850 762 889 et
798 848 997 902 proxima,
1037 850 1123 891 stat
1160 861 1185 890 a
1216 849 1371 891 dextris
1405 851 1447 890 et
1478 848 1584 891 nihil
1615 849 1656 890 in

127 932 172 962 se
209 919 428 962 sinistrum
468 919 608 969 habet,
648 921 733 961 stat
763 919 804 960 in
837 919 1031 961 uestibus
1065 919 1275 962 deauratis
1308 920 1359 962 de
1392 920 1656 962 sermonibus

127 989 430 1044 scripturarum
468 990 518 1031 ad
557 1002 729 1031 sensum
759 990 967 1032 transiens
1000 992 1042 1032 et
1074 990 1238 1033 cunctis
1270 990 1394 1045 plena
1424 990 1656 1032 uirtutibus

128 1061 233 1110 siue,
272 1064 321 1103 ut
350 1073 426 1103 nos
457 1060 769 1112 transtulimus,
807 1061 858 1102 in
898 1061 1203 1103 diademate
1236 1073 1411 1104 aureo.
1450 1063 1516 1103 est
1547 1060 1656 1103 enim

126 1132 272 1187 regina
306 1134 536 1186 regnatque
569 1144 665 1173 cum
703 1145 815 1186 rege,
855 1132 976 1173 cuius
1009 1132 1117 1175 filias
1149 1144 1379 1185 possumus
1410 1132 1658 1186 intellegere

128 1205 170 1245 et
199 1203 241 1244 in
274 1214 494 1244 commune
522 1202 780 1244 credentium
807 1202 968 1244 animas
995 1204 1039 1244 et
1062 1203 1227 1257 proprie
1253 1203 1466 1258 uirginum
1495 1203 1658 1246 choros,

129 1273 260 1328 Ophir
297 1286 431 1328 genus
470 1273 560 1316 auri
599 1275 665 1315 est
701 1274 769 1316 uel
804 1287 827 1315 a
857 1274 952 1316 loeo
984 1274 1128 1316 Indiae
1160 1275 1230 1316 uel
1263 1287 1286 1316 a
1319 1274 1456 1317 colore
1489 1274 1657 1316 nomine

127 1344 280 1394 indit0;
327 1346 489 1398 septem
540 1345 694 1398 quippe
743 1344 855 1398 apud
898 1345 1114 1387 Hebraeos
1159 1345 1249 1387 auri
1292 1345 1502 1386 uocabula
1546 1347 1658 1387 sunt.

129 1428 295 1458 uxorem
335 1427 503 1469 quoque
536 1417 579 1457 et
611 1415 887 1458 concubinam
919 1416 1217 1471 intellegamus
1251 1416 1301 1457 de
1334 1415 1509 1458 Cantico
1544 1415 1658 1458 Salo-

128 1487 278 1535 monis,
318 1499 424 1540 quae
463 1486 552 1528 sine
593 1499 747 1539 sponso
781 1499 858 1528 suo
892 1487 962 1528 uel
994 1487 1144 1528 marito
1178 1487 1358 1528 dormire
1389 1499 1469 1529 non
1500 1489 1657 1540 potest.

190 1559 256 1600 16.
295 1557 447 1610 Audi,
485 1557 625 1608 filia,
659 1559 711 1598 et
741 1557 866 1599 uide
900 1559 950 1599 et
980 1557 1189 1599 inclina
1220 1570 1398 1599 aurem
1430 1559 1571 1599 tuam
1607 1559 1658 1599 et

130 1629 464 1671 obliuiscere
491 1628 749 1683 populum
774 1630 923 1670 tuum
950 1630 1001 1670 et
1033 1628 1239 1670 domum
1271 1628 1445 1682 patris
1477 1627 1579 1679 tui3
1608 1630 1657 1670 et

128 1699 488 1754 concupiscet
524 1712 611 1741 rex
651 1699 897 1741 decorem
935 1701 1096 1751 tuum,
1136 1699 1384 1753 quoniam
1421 1699 1539 1753 ipse
1573 1702 1658 1741 est

132 1771 378 1812 dominus
411 1773 538 1812 tuus
573 1771 624 1811 et
662 1769 965 1811 adorabunt
1003 1782 1129 1812 eum.
1167 1770 1209 1810 in
1246 1769 1476 1812 Hebraico:
1517 1770 1655 1820 audi,

127 1841 266 1892 filia,
301 1845 352 1882 et
383 1841 507 1882 uide
540 1842 591 1882 et
621 1840 828 1883 inclina
860 1853 1038 1882 aurem
1065 1842 1209 1882 tuam
1238 1842 1288 1882 et
1315 1840 1655 1882 obliuiscere

127 1912 317 1966 populi
350 1911 431 1953 tui
465 1914 515 1953 et
547 1912 733 1953 domus
759 1911 934 1965 patris
961 1912 1062 1965 tui3
1097 1913 1149 1953 et
1181 1911 1540 1964 concupiscet
1570 1924 1657 1954 rex

129 1984 370 2029 decorem
397 1985 560 2034 tuum,
582 1982 708 2036 quia
732 1982 849 2036 ipse
878 1985 960 2024 est
987 1982 1235 2024 dominus
1262 1984 1402 2034 tuus,
1424 1984 1474 2024 et
1494 1982 1658 2024 adora

249 2169 279 2203 1.
305 2169 327 2202 2
354 2167 436 2203 *Ps.
462 2168 519 2212 44,
548 2168 592 2203 10
682 2169 704 2202 5
730 2167 774 2204 cf.
802 2167 859 2202 ΡΒ.
885 2167 942 2208 44,
970 2168 989 2202 7
1089 2166 1132 2203 ef.
1159 2167 1251 2212 Eph.
1279 2167 1311 2208 2,
1339 2167 1396 2203 20.
1423 2167 1466 2203 21
1562 2168 1581 2202 7
1609 2167 1654 2202 cf.

129 2226 234 2263 cant.
260 2227 293 2272 6,
320 2226 341 2260 s
418 2228 461 2262 17
488 2227 546 2262 Ps.
572 2227 630 2270 44,
660 2226 798 2261 11-12
871 2226 917 2261 20
944 2225 1024 2262 ΨΒ.
1050 2226 1108 2270 44,
1137 2226 1275 2261 11-13

177 2299 194 2333 1
223 2298 403 2333 simachus
435 2297 484 2333 W
505 2298 696 2333 simmacus
722 2298 757 2347 Β
865 2298 1010 2342 transt]
1037 2297 1160 2343 posuit
1185 2298 1220 2332 Β
1322 2297 1343 2331 2
1370 2299 1470 2333 sexta
1496 2296 1608 2332 editio
1633 2307 1658 2341 g

129 2357 241 2404 ophyr
270 2357 323 2392 W
343 2357 408 2392 ofir
432 2357 504 2392 LB
624 2358 645 2391 3
672 2357 896 2402 amplexibus
922 2357 956 2391 L
1087 2367 1151 2401 per
1175 2367 1218 2391 ex
1241 2368 1306 2403 pro
1332 2357 1373 2390 X
1502 2367 1655 2402 myrram

134 2416 363 2462 W,Bp.c.n22
481 2419 503 2451 4
530 2417 662 2452 casiam
694 2416 798 2452 Wa.c
913 2415 1038 2451 domos
1063 2416 1284 2462 X,Ba.c.m2
1404 2417 1425 2450 5
1451 2427 1559 2461 supra
1583 2415 1659 2450 LX

129 2477 150 2511 6
175 2475 289 2511 radici
314 2476 348 2510 L
446 2479 502 2511 est
526 2474 627 2511 fund.
658 2475 755 2511 WM
824 2476 843 2510 7
870 2476 1030 2521 proxima
1054 2477 1131 2521 (pro
1157 2476 1198 2510 in
1222 2486 1296 2512 ras.
1322 2477 1399 2518 m2)
1425 2475 1460 2509 Β
1534 2473 1580 2510 ad
1611 2474 1661 2509 W

129 2534 263 2570 dextris
289 2535 366 2570 eius
385 2536 421 2570 B
471 2536 491 2570 8
511 2546 550 2570 se
569 2535 635 2570 sin.
654 2535 778 2580 habet]
805 2535 952 2570 sinistra
970 2534 1004 2568 L
1052 2535 1073 2570 9
1095 2534 1249 2580 cunctis]
1271 2538 1358 2570 tunc
1378 2535 1413 2569 B
1464 2535 1503 2569 11
1526 2545 1655 2579 regna-

129 2605 220 2639 quae
240 2594 274 2628 L
347 2595 441 2630 filios
473 2594 569 2629 WM
637 2595 815 2640 possimus
846 2593 897 2629 W
949 2594 992 2629 13
1021 2593 1085 2629 ofir
1110 2595 1145 2628 B
1217 2605 1346 2629 nomen
1372 2594 1477 2639 Xp.c.
1531 2594 1575 2628 14
1600 2593 1654 2627 in·

130 2652 243 2687 ditum
264 2654 303 2688 X
423 2654 571 2688 ebraeos
602 2653 653 2688 W
747 2654 790 2688 15
817 2653 935 2688 antico
960 2653 996 2688 B
1104 2653 1300 2688 solomonis
1326 2653 1367 2687 X
1463 2652 1505 2688 16
1531 2654 1594 2686 tuo
1621 2651 1656 2686 L

132 2712 174 2746 19
202 2712 323 2756 quon.]
352 2712 436 2756 quia
460 2711 613 2746 Ma.c.B
673 2711 719 2747 20
745 2711 852 2755 dom]
881 2711 966 2746 add.
993 2711 1082 2746 deus
1118 2711 1258 2754 WM,X
1282 2711 1406 2757 (eras.)
1487 2710 1596 2745 adora
1620 2710 1655 2744 B

129 2770 252 2815 in-p.
282 2773 370 2816 638,
398 2774 417 2805 1
444 2781 522 2806 eum
549 2782 617 2807 om.
645 2771 680 2805 Β
807 2771 949 2806 ebraico
982 2770 1077 2806 WM
1100 2770 1230 2806 hebreo
1258 2771 1292 2806 L
1412 2770 1457 2805 22
1483 2769 1654 2816 populum

130 2832 233 2863 tuum
265 2829 316 2864 W
384 2829 529 2864 domum
560 2829 611 2863 W
668 2830 714 2864 23
737 2830 855 2874 tuum]
883 2832 960 2864 tum
992 2828 1043 2864 W
1111 2829 1279 2874 quoniam
1311 2829 1362 2864 W
1431 2830 1486 2863 est
1510 2839 1578 2864 om.
1609 2827 1661 2864 W

131 2888 230 2933 tuus]
258 2887 345 2923 deus
371 2888 418 2924 M
442 2885 529 2923 deus
555 2891 638 2923 tuus
672 2887 723 2923 W
815 2887 1018 2923 adorabunt
1041 2887 1150 2932 (bunt
1175 2899 1254 2932 exp.
1279 2889 1354 2933 m2)
1382 2887 1419 2922 X
