1884 3254
267 204 322 245 82
809 200 959 236 Sancti
985 198 1237 244 Hieronymi
1287 211 1289 215 ·

270 330 306 371 si
338 329 474 371 (licere
512 327 787 383 coeperimus,
819 340 899 369 non
938 329 1022 368 tam
1061 324 1338 379 interpretari,
1371 337 1494 377 quam
1532 324 1621 366 uim
1652 325 1779 379 scrip-

210 402 230 437 7
267 400 375 442 turis
413 399 570 441 adferre
608 398 837 439 uideamur.
874 396 1042 439 initium
1081 387 1164 455 oris
1203 398 1245 437 et
1281 394 1513 437 communis
1550 395 1707 449 eloquii
1737 397 1780 439 et

267 471 346 513 hoc
372 482 505 519 omne,
533 467 643 522 quod
669 467 894 520 loquimur,
915 466 1147 508 Hebraeam
1173 466 1377 520 linguam,
1404 477 1485 518 qua
1508 467 1633 507 uetus
1651 466 1778 508 testa·
1835 488 1838 490 Δ

267 542 453 582 mentum
492 538 696 592 scriptum
735 539 812 586 est,
845 536 1042 578 uniuersa
1073 534 1303 588 antiquitas
1340 533 1524 576 tradidit.
1553 537 1779 589 postquam

267 622 364 651 uero
395 609 434 650 in
467 607 738 650 fabricatione
770 606 896 648 turris
933 619 1006 659 per
1038 606 1237 647 offensam
1270 604 1336 646 dei
1371 604 1613 659 linguarum
1645 604 1778 647 diuer·
1817 617 1837 646 ⁶

267 680 369 721 sitas
402 678 612 720 adtributa
644 680 721 727 est,
755 680 856 718 tunc
888 676 1090 718 sermonis
1122 675 1306 717 uarietas
1343 675 1386 717 in
1418 687 1561 717 omnes
1593 675 1782 730 dispersa

267 753 332 791 est
368 749 566 790 nationes.
603 748 735 802 igitur
773 749 815 788 et
849 746 1090 788 incendium
1128 748 1171 788 et
1205 742 1374 787 initium
1413 746 1496 787 oris
1532 745 1575 787 in
1614 745 1779 788 duobus

267 818 613 861 animaduertitur
642 817 921 866 testamentis,
949 829 1053 870 quae
1081 816 1190 858 circa
1220 816 1343 858 deum
1376 817 1485 858 stare
1515 828 1596 858 non
1627 815 1780 859 mirum

267 892 344 939 est,
377 902 470 931 cum
504 902 575 943 per
607 901 654 930 ea
686 888 880 930 dominus
912 888 1003 942 ipse
1035 887 1234 929 discatur.

208 967 229 1001 8
326 959 435 1002 ‘Sex
480 959 592 1000 alae
637 958 726 1000 uni
771 960 820 1000 et
865 970 951 1000 sex
990 958 1105 999 alae
1143 957 1320 999 alteri'
1358 956 1600 999 Victorinus
1637 958 1838 1000 nosterm

267 1029 484 1071 duodecim
520 1029 734 1083 apostolos
770 1028 1069 1081 interpretatus
1108 1029 1184 1069 est.
1221 1039 1296 1069 nos
1334 1039 1562 1080 possumus
1600 1029 1642 1069 et
1679 1026 1780 1070 duo-

266 1100 400 1141 decim
433 1098 592 1152 lapides
626 1098 782 1148 altaris,
817 1110 950 1150 quos
987 1097 1185 1139 ferrum
1223 1109 1321 1139 non
1359 1096 1567 1152 tetigit,
1607 1099 1650 1139 et
1679 1097 1780 1140 duo-

266 1170 398 1212 decim
431 1182 630 1225 gemmas,
664 1182 711 1210 ex
743 1169 896 1222 quibus
928 1169 1156 1210 sacerdotis
1188 1169 1350 1223 insigne
1381 1170 1669 1211 constructum
1700 1171 1779 1220 est,

265 1240 464 1293 accipere,
499 1252 601 1293 quas
634 1241 676 1281 et
706 1239 901 1280 Ezechiel
930 1241 1135 1281 memorat
1167 1241 1209 1280 et
1231 1238 1510 1293 Apocalypsis
1541 1251 1621 1280 non
1652 1240 1779 1282 tacet.

265 1322 440 1362 quorum
486 1308 585 1362 quid
628 1322 775 1350 uerum
821 1309 889 1360 sit,
935 1302 1037 1350 deus
1087 1308 1258 1358 uiderit;
1305 1308 1407 1362 quid
1448 1308 1694 1360 uerisimile,
1736 1308 1776 1350 in
1801 1321 1838 1351 1⁶
1882 1357 1884 1359 ,

264 1379 535 1432 sequentibus
568 1392 831 1433 exponemus.
1472 1435 1476 1441 Χ

327 1450 364 1491 7.
408 1450 471 1491 Et
514 1449 718 1491 duabus
768 1449 981 1503 quidem
1025 1449 1286 1491 uelabant
1327 1449 1522 1492 faciem
1566 1451 1618 1491 et
1660 1448 1778 1492 dua—

265 1520 361 1562 bus
406 1520 663 1561 uelabant
704 1520 869 1574 pedes
916 1522 966 1562 et
1010 1520 1216 1562 duabus
1266 1520 1541 1562 uolabant.
1579 1519 1779 1562 uelabant

264 1590 412 1632 faciem
451 1604 528 1633 non
568 1604 703 1642 suam,
741 1591 815 1632 sed
852 1591 932 1632 dei.
966 1591 1060 1644 quis
1093 1591 1202 1633 enim
1235 1591 1325 1633 eius
1357 1593 1500 1645 potest
1530 1590 1636 1633 scire
1666 1590 1776 1644 prin-

265 1661 435 1714 cipium,
479 1662 592 1715 quid,
631 1664 854 1715 antequam
891 1662 1022 1703 istum
1062 1662 1257 1703 conderet
1298 1662 1515 1713 mundum,
1557 1662 1600 1704 in
1636 1673 1774 1704 rerum
1799 1674 1836 1704 20

381 1765 402 1798 5
429 1764 472 1798 cf.
500 1763 588 1800 Gen.
617 1765 670 1806 11,
700 1766 789 1799 1-9
864 1765 908 1800 10
935 1765 1054 1800 *Esai
1082 1766 1114 1809 6,
1140 1766 1161 1799 2
1237 1766 1276 1800 11
1307 1765 1350 1801 cf.
1375 1765 1431 1800 ΠΙ
1451 1759 1537 1810 Reg.
1558 1764 1613 1809 18,
1632 1765 1774 1801 31—32

266 1823 309 1857 12
336 1824 442 1859 Dent.
469 1824 527 1866 27,
553 1824 574 1857 5
648 1823 692 1858 cf·
717 1824 780 1860 EX.
806 1823 863 1868 28,
891 1825 1041 1859 17-21.
1068 1825 1125 1869 39,
1152 1825 1292 1859 10—14
1366 1824 1410 1859 14
1430 1824 1473 1860 cf.
1493 1824 1622 1860 Ezech.
1647 1825 1705 1868 28,
1732 1824 1776 1859 13

263 1882 308 1916 cf.
334 1883 444 1927 Apoc.
470 1883 525 1922 21,
553 1877 690 1918 19—20
766 1884 806 1918 17
836 1883 956 1918 *EsaL
981 1883 1014 1927 6,
1040 1884 1062 1918 2

310 1952 327 1986 1
356 1953 442 1997 uim]
469 1963 498 1987 s.
525 1953 546 1988 l.
572 1953 607 1987 L
631 1953 686 1987 uis
711 1953 752 1987 F
884 1953 1028 1998 scriptis
1059 1953 1111 1987 W
1236 1954 1258 1988 2
1285 1953 1403 1988 afferri
1428 1953 1497 1988 LE
1515 1953 1648 1989 inferre
1671 1953 1780 1989 DBS

263 2011 383 2045 inferri
408 2011 448 2046 F
539 2011 681 2046 uideam
707 2013 814 2056 (corr.
839 2012 916 2058 2722)
940 2012 982 2047 F
1068 2023 1127 2057 pr.
1155 2013 1205 2057 et]
1231 2012 1292 2047 sed
1318 2013 1400 2054 ΒΣ
1418 2013 1539 2058 (corr.)
1611 2014 1633 2048 3
1658 2013 1776 2058 omne]

263 2081 409 2104 comune
435 2070 465 2105 S
550 2070 683 2105 hebrea
706 2071 833 2116 lingua
855 2070 1113 2115 FLZDsspm.
1138 2071 1270 2106 hebree
1294 2071 1439 2116 linguae
1465 2071 1496 2106 S
1599 2073 1714 2106 ueteri
1738 2071 1778 2106 D

262 2129 284 2162 4
309 2128 475 2163 uniuersa
500 2129 566 2163 del.
592 2131 655 2163 m2
678 2129 714 2163 Β
786 2130 986 2174 antiquitus
1011 2129 1426 2174 FL,Z'(corr.),Bp.c.m2
1497 2131 1518 2165 5
1544 2129 1617 2165 diu.
1640 2130 1730 2175 ling.
1752 2129 1786 2164 Σ

263 2187 285 2220 6
309 2186 444 2221 tributa
464 2186 493 2221 S
562 2187 733 2233 uarietas]
757 2189 798 2222 in
822 2199 896 2223 ras.
915 2191 977 2223 m2
995 2189 1032 2223 Β
1057 2188 1248 2223 diuersitas
1273 2189 1333 2224 uel
1357 2188 1514 2223 uarietas
1533 2188 1566 2224 S
1587 2188 1778 2223 diuersitas

263 2245 393 2279 saluari
418 2247 494 2279 etas
520 2245 558 2279 D
668 2247 704 2280 in
731 2257 852 2281 omnes
878 2247 919 2281 in
943 2258 1017 2282 ras.
1042 2249 1105 2282 m2
1128 2247 1164 2282 Β
1278 2247 1393 2282 omnis
1424 2246 1475 2282 W
1583 2250 1658 2283 nat.
1685 2246 1776 2293 disp.

264 2306 320 2337 est
343 2303 413 2338 DS
435 2306 508 2338 nat.
535 2304 591 2347 (in
614 2315 685 2339 ras.
712 2307 787 2347 m2)
809 2304 900 2350 disp.
921 2308 977 2340 est
1001 2308 1076 2340 nat.
1096 2308 1185 2348 (nat.
1206 2305 1273 2341 del.
1293 2307 1369 2352 m2)
1388 2306 1424 2340 B
1471 2306 1493 2341 8
1514 2305 1635 2352 deum]
1663 2305 1777 2340 domi-

263 2372 346 2396 uum
384 2362 433 2396 W
455 2362 512 2397 diii
538 2362 577 2396 F
639 2364 660 2397 9
686 2364 763 2408 ipse
789 2363 881 2398 dom.
906 2365 945 2398 D
1016 2366 1094 2410 ipse
1119 2377 1187 2401 om.
1211 2365 1309 2401 FZ’S
1378 2365 1519 2401 dicatur
1541 2365 1583 2400 F
1640 2365 1685 2401 10
1709 2365 1775 2401 alt.

265 2420 342 2455 alae
367 2431 433 2456 om.
458 2421 498 2455 F
629 2422 763 2467 noster]
790 2423 885 2457 inter
908 2423 983 2458 FD
1007 2424 1044 2458 in
1070 2423 1100 2459 S
1122 2427 1245 2459 noster
1268 2425 1306 2459 in
1331 2425 1367 2459 Β
1488 2424 1532 2459 12
1556 2424 1712 2470 lapidem
1736 2423 1777 2458 D

265 2479 308 2514 13
335 2479 535 2515 sacerdotes
560 2480 688 2515 FWD
793 2481 934 2527 insigne
960 2482 994 2516 L
1018 2483 1161 2528 insigne
1187 2483 1352 2518 diadema
1378 2483 1559 2527 (diadema
1582 2495 1609 2519 8.
1637 2483 1660 2518 1.
1686 2482 1774 2518 add.

263 2540 325 2572 m2
345 2538 391 2584 Σ)
415 2543 476 2574 cet.
551 2543 606 2574 est
624 2551 652 2574 s,
675 2540 695 2575 l.
716 2540 752 2574 Β
802 2540 846 2574 14
873 2551 960 2585 quas
980 2542 1109 2586 scripsi
1135 2542 1230 2587 quod
1253 2542 1304 2577 W
1324 2554 1412 2588 quos
1437 2546 1500 2578 cet.
1573 2543 1624 2587 et]
1643 2553 1673 2577 s.
1693 2542 1716 2578 Ζ.
1738 2541 1775 2586 Σ,
1877 2557 1884 2604 1·

264 2607 329 2630 om.
345 2598 374 2631 S
432 2597 611 2632 ezechihel
627 2598 801 2633 Ezechiel
820 2598 1152 2635 WhiezechihelD
1211 2599 1780 2636 memorauitLeommemoratS
1879 2605 1884 2617 ““

266 2656 307 2689 15
333 2655 384 2700 in]
408 2666 436 2691 s.
464 2657 487 2691 l.
512 2659 575 2691 m2
602 2656 637 2698 Σ,
664 2667 731 2693 om.
757 2657 791 2691 L
853 2658 896 2692 16
923 2669 1136 2703 exponamus
1160 2660 1231 2694 ΕΣ
1250 2671 1421 2705 exponam
1445 2659 1481 2694 L
1543 2660 1585 2694 17
1612 2663 1699 2695 ante
1714 2670 1793 2703 pr..

264 2716 299 2747 et
324 2713 409 2747 add.
435 2714 597 2758 sequitur
614 2714 757 2749 FDBS
804 2715 847 2750 19
874 2716 948 2750 eius
968 2727 1016 2751 sc.
1038 2719 1110 2761 pot.
1127 2717 1167 2751 D
1184 2720 1260 2763 pot.
1280 2729 1328 2754 sc.
1349 2719 1425 2753 eius
1449 2717 1501 2753 W
1544 2717 1589 2753 20
1607 2716 1708 2753 istud
1731 2716 1783 2752 W

263 2773 297 2805 in
324 2783 439 2807 rerum
471 2772 564 2816 W‚B
587 2773 643 2819 (in
666 2784 739 2808 ras.
765 2775 841 2817 m2)
866 2774 994 2809 iterum
1021 2775 1161 2811 FLZ'D
1185 2777 1328 2812 interim
1354 2777 1384 2812 S
