1884 3254
639 288 846 334 Epistula
873 287 959 322 L111
984 287 1101 323 8—10
1555 291 1642 332 463

117 418 375 472 deprecatur.
409 431 535 472 super
567 431 648 472 quo
680 421 818 460 tacere
850 418 1003 461 melius
1035 422 1138 472 puto
1171 430 1295 473 quarn
1330 430 1463 474 pauca
1494 418 1643 461 dicere.

115 488 248 530 Actus
282 489 569 542 apostolorum
604 489 757 531 nudam
798 489 967 544 quidem
1007 502 1152 532 sonare
1190 489 1387 532 uidentur
1422 489 1643 532 historiam

117 562 160 600 et
202 559 412 602 nascentis
458 560 660 601 ecclesiae
703 560 922 602 infantiam
971 562 1123 612 texere,
1175 560 1264 610 sed,
1314 561 1350 603 si
1399 560 1643 603 nouerimus

116 630 362 684 scriptorem
400 643 543 672 eorum
582 631 738 673 Lucam
783 643 876 674 esse
920 631 1145 682 medicum,
1190 632 1312 674 cuius
1355 632 1450 674 laus
1495 634 1560 674 est
1601 632 1643 674 in

73 713 91 742 ο
116 701 350 756 euangelio,
377 701 751 743 animaduertimus
771 702 927 756 pariter
945 703 1084 745 omnia
1109 703 1238 745 uerba
1261 703 1379 745 illius
1405 704 1645 759 languentis

116 772 278 814 animae
323 785 416 815 esse
460 772 751 815 medicamina.
794 773 988 824 Iacobus,
1034 775 1201 824 Petrus,
1247 774 1468 824 Iohannes,
1519 775 1646 817 Iudas

114 844 277 897 septem
321 843 526 896 epistulas
571 843 791 886 ediderunt
839 847 926 885 tam
976 845 1180 899 mysticas
1230 857 1356 899 quam
1408 846 1644 888 succinctas

115 915 158 955 et
189 913 339 956 breues
372 914 530 969 pariter
561 917 603 956 et
632 915 801 970 longas:
839 915 991 958 breues
1022 916 1064 957 in
1096 915 1252 966 uerbis,
1291 915 1440 971 longas
1471 916 1513 957 in
1555 929 1646 958 sen-

116 984 276 1034 tentiis,
310 987 358 1026 ut
388 998 508 1027 rarus
541 998 621 1027 non
654 986 696 1027 in
730 998 871 1028 earum
905 986 1085 1029 lectione
1118 987 1337 1029 caecutiat.
1370 987 1646 1042 Apocalypsis
1696 992 1703 1000 ’

55 1066 91 1094 10
118 1056 312 1098 Iohannis
351 1059 416 1098 tot
461 1057 588 1098 habet
631 1059 905 1105 sacramenta,
951 1061 1055 1112 quot
1097 1058 1239 1101 uerba.
1284 1070 1433 1113 parum
1479 1058 1563 1100 dixi
1606 1061 1648 1100 et

30 1125 34 1131 '
112 1139 186 1180 pro
219 1127 368 1170 merito
402 1127 632 1170 uoluminis
670 1128 763 1171 laus
802 1129 938 1171 omnis
977 1129 1148 1171 inferior
1179 1131 1262 1179 est3
1302 1129 1344 1171 in
1382 1129 1524 1171 uerbis
1564 1128 1645 1171 sin-

116 1198 229 1254 gulis
262 1198 522 1253 multiplices
553 1199 687 1241 latent
715 1199 1043 1254 intellegentiae.
1594 1197 1596 1199 ’

176 1271 241 1311 10.
268 1269 350 1312 Oro
376 1272 433 1319 te,
459 1271 588 1312 frater
612 1270 843 1321 carissime,
868 1271 978 1312 inter
1008 1272 1112 1314 haec
1137 1271 1298 1322 uiuere,
1330 1271 1415 1313 ista
1439 1270 1648 1322 meditari,

113 1340 217 1382 nihil
250 1340 366 1382 aliud
397 1353 535 1389 nosse,
574 1340 681 1382 nihil
712 1353 922 1394 quaerere,
959 1353 1094 1383 nonne
1132 1341 1211 1383 tibi
1250 1341 1420 1383 uidetur
1456 1341 1541 1382 iam
1579 1340 1649 1382 hic

55 1421 91 1451 15
115 1412 156 1453 in
188 1412 310 1454 terris
337 1412 453 1467 regni
481 1412 676 1454 caelestis
706 1412 1026 1454 habitaculum?
1058 1413 1155 1455 nolo
1189 1412 1413 1454 offendaris
1443 1412 1486 1454 in
1521 1407 1648 1466 scrip-

114 1484 221 1525 turis
267 1483 423 1525 sanctis
471 1483 744 1538 simplicitate
790 1485 832 1525 et
877 1483 998 1537 quasi
1041 1483 1208 1525 uilitate
1251 1483 1491 1532 uerborum,
1538 1495 1643 1536 quae

116 1554 186 1596 uel
221 1554 327 1596 uitio
367 1555 643 1608 interpretum
679 1555 750 1597 uel
782 1555 832 1596 de
869 1554 1078 1597 industria
1117 1556 1178 1597 s'ic
1216 1554 1403 1609 prolatae
1442 1556 1554 1604 sunt,
1593 1555 1642 1595 ut

111 1625 315 1667 rusticam
352 1626 590 1667 contionem
628 1625 797 1668 facilius
834 1626 1089 1668 instruerent
1131 1629 1173 1668 et
1209 1627 1252 1668 in
1290 1639 1373 1668 una
1409 1625 1639 1678 eademque
1693 1678 1696 1681 Α

114 1696 322 1738 sententia
353 1696 476 1737 aliter
507 1696 670 1747 doctus,
709 1697 832 1738 aliter
863 1697 1027 1738 audiret
1057 1697 1267 1740 indoctus.
1303 1710 1383 1739 non
1422 1710 1518 1740 sum
1554 1699 1641 1738 tam

165 1882 183 1917 1
212 1881 330 1917 dicere
356 1882 381 1916 λ,
407 1881 561 1916 scribere
587 1885 651 1917 cet.
749 1882 771 1916 2
797 1880 942 1916 uidetur
967 1891 1043 1916 son.
1069 1880 1100 1916 S
1207 1880 1352 1916 uidetur
1377 1880 1647 1926 ZDS‚Za.c.m2

116 1942 137 1976 3
163 1941 193 1975 si
217 1952 246 1976 ε.
273 1941 296 1976 Ζ.
323 1942 348 1976 λ
444 1941 467 1976 4
494 1942 549 1976 est
573 1952 602 1976 8.
629 1941 651 1976 l.
679 1941 711 1975 Σ
803 1942 825 1976 5
850 1939 1179 1976 animaduertemus
1210 1941 1268 1985 ἃς
1363 1941 1499 1986 pariter
1523 1952 1592 1976 om.
1619 1940 1651 1976 S

116 2001 255 2036 animae
275 2001 372 2046 lang.
393 2001 496 2037 codd.
512 2004 660 2046 praeter
679 2002 704 2036 λ
753 2002 775 2036 6
794 2000 1009 2036 medicinam
1024 2000 1083 2036 28
1153 2000 1320 2035 iohannis
1340 2001 1365 2035 λ
1437 2000 1542 2036 iudas
1562 2012 1647 2047 apo-

116 2060 202 2096 stoli
219 2072 244 2106 5·
335 2061 355 2095 7
383 2071 489 2106 quam
515 2060 581 2096 PS
602 2063 677 2095 tam
707 2060 822 2103 GZD,
848 2072 917 2096 om.
943 2061 969 2095 λ
1060 2061 1082 2095 8
1109 2060 1175 2096 alt.
1202 2061 1253 2105 et]
1282 2071 1323 2095 ac
1351 2060 1423 2096 GP
1515 2059 1647 2106 langas

115 2124 269 2166 utroque
294 2121 372 2156 loco
392 2121 417 2155 λ
514 2121 690 2156 sententis
710 2121 736 2155 λ
802 2122 823 2156 9
849 2121 964 2165 rarus]
991 2123 1079 2156 mut.
1099 2121 1142 2154 in
1167 2131 1300 2165 gnarus
1324 2131 1370 2154 m.
1389 2130 1457 2156 rec.
1481 2119 1535 2164 G;
1559 2119 1647 2154 add.

116 2179 324 2215 inueniatur
349 2180 411 2225 qui
436 2180 461 2214 λ
487 2180 536 2214 sit
562 2180 623 2225 qui
648 2169 749 2215 Z‘DS
830 2180 867 2214 in
894 2190 963 2214 om.
988 2178 1088 2214 ZDS
1171 2190 1292 2214 eorum
1318 2179 1355 2214 P
1431 2181 1584 2214 caecutt.
1614 2178 1648 2214 G

117 2240 231 2273 ceeut.
257 2238 282 2272 λ,
308 2249 448 2273 caecuc.
473 2237 576 2283 Ppc.
603 2239 763 2274 cecuciet
781 2238 812 2273 S
835 2239 1063 2274 concutiatur
1083 2239 1116 2274 Σ
1135 2239 1176 2273 in
1199 2249 1274 2273 ras.
1293 2238 1334 2273 D
1385 2237 1428 2273 10
1454 2248 1604 2283 paruum
1624 2237 1649 2271 λ

118 2299 154 2332 et
178 2309 241 2343 pro
271 2297 372 2333 GPS
395 2299 431 2332 et
457 2298 483 2332 λ
507 2309 571 2343 pro
598 2298 667 2332 ΣΒ
778 2298 820 2332 12
846 2298 1070 2343 multiplicae
1095 2299 1127 2333 Σ
1241 2297 1284 2333 13
1309 2296 1485 2333 meditare
1511 2296 1649 2332 Σα.ο.Ι)

119 2357 162 2391 14
188 2367 319 2402 quaere
345 2358 370 2391 λ
491 2357 560 2393 tibi
585 2368 613 2393 8.
641 2357 664 2392 l.
691 2358 716 2391 λ
837 2357 983 2393 uidetur
1007 2368 1076 2393 om.
1102 2358 1127 2392 λ
1246 2356 1332 2392 hinc
1357 2356 1397 2391 D
1476 2356 1520 2391 15
1547 2356 1648 2391 habi-

118 2416 279 2451 taculum
304 2427 348 2452 επ
371 2411 538 2452 habitare
563 2416 600 2451 P
669 2417 849 2453 nolo—19
874 2416 963 2462 ind.]
989 2416 1073 2452 ideo
1099 2417 1297 2463 scripturae
1324 2416 1468 2452 diuinae
1493 2415 1648 2462 simplici

119 2486 280 2511 sermone
314 2477 539 2522 conscriptae
572 2479 668 2518 sunt,
699 2479 741 2512 ut
772 2478 909 2512 rustica
940 2477 1173 2512 contentione
1212 2476 1354 2512 facilius
1393 2476 1474 2522 quis
1512 2475 1649 2511 euitare

118 2534 235 2580 possit
261 2537 298 2570 et
321 2546 366 2570 ne
394 2537 514 2580 (eras.)
541 2545 648 2570 unam
675 2535 823 2571 eandem
855 2536 959 2581 (add.
986 2541 1007 2582 q
1033 2536 1075 2571 in
1099 2547 1166 2580 my.
1192 2537 1268 2579 m2)
1300 2535 1517 2571 sententiam
1544 2534 1651 2569 aliter

120 2593 258 2639 doctus,
285 2594 392 2629 aliter
417 2593 560 2630 audiret
584 2593 752 2630 indoctus
778 2596 813 2630 Γ
894 2595 938 2630 16
965 2598 1003 2630 et
1028 2606 1095 2630 om.
1121 2594 1189 2630 ΣΙ)
1270 2595 1313 2630 17
1340 2595 1600 2640 interpretatur
1626 2594 1650 2627 λ

121 2651 164 2687 de
189 2663 257 2688 om.
283 2653 319 2688 P
419 2653 561 2700 prolata
584 2653 684 2689 ZDS
757 2654 800 2690 18
827 2655 1096 2690 contentionem
1126 2653 1194 2689 ΣΙ)
1219 2655 1282 2699 (cf.
1310 2663 1426 2697 supra
1453 2652 1504 2687 ad
1527 2654 1575 2687 15
1600 2653 1647 2694 Γ)

118 2712 298 2748 instruent
324 2714 404 2759 (sic)
431 2714 456 2748 λ
480 2713 716 2749 instituerent
741 2714 772 2749 S
851 2715 894 2749 19
921 2713 1062 2749 audiret
1086 2725 1155 2750 ont.
1181 2714 1206 2748 λ
1303 2712 1470 2748 indoctus
1496 2723 1539 2747 ex
1564 2711 1647 2747 doc-

117 2774 176 2807 tus
202 2772 228 2806 ,2
335 2783 407 2807 non
433 2774 658 2819 sum—sunt]
685 2774 819 2808 stultus
846 2777 882 2808 et
908 2773 1075 2819 petulans
1102 2775 1168 2816 est,
1196 2772 1257 2817 qui
1283 2782 1321 2806 se
1349 2771 1468 2806 omnia.
1493 2771 1646 2817 scriptu-

118 2843 235 2867 rarum
267 2834 492 2868 sacramenta
523 2843 628 2868 nosse
659 2833 851 2868 iactauerit
882 2835 920 2868 et
951 2843 1070 2868 eorum
1098 2833 1236 2867 fructus
1262 2830 1309 2866 ad
1334 2831 1479 2876 plenum
1508 2841 1645 2875 capere,

119 2901 269 2936 quorum
297 2891 436 2927 radices
463 2892 499 2926 in
526 2892 624 2927 caelo
651 2895 735 2927 sunt
763 2893 794 2926 Γ
885 2896 959 2927 tam
986 2902 1052 2927 om.
1080 2891 1104 2926 λ
