1884 3254
43 1016 78 1043 10

44 1370 79 1398 15

644 235 851 282 Epistula
874 235 961 270 LIII
988 235 1081 270 7—8
1540 241 1624 280 455

101 379 174 409 cus
213 366 374 420 spirant
411 365 612 408 caelestia
655 367 926 408 sacramenta.
965 364 1141 408 Numeri
1186 378 1282 408 uero
1322 378 1455 408 nonne
1493 367 1626 409 totius

100 437 387 479 arithmeticae
419 438 461 479 et
490 436 734 491 prophetiae
765 437 939 479 Balaam
971 439 1014 478 et
1039 436 1315 492 quadraginta
1346 437 1522 480 duarum
1555 451 1628 492 per

100 509 317 550 heremum
336 507 603 550 mansionum
630 508 833 562 mysteria
857 507 1099 550 continent?
1126 508 1499 552 Deuteronomium
1527 521 1626 563 quo-

100 591 194 632 que,
227 578 411 621 secunda
440 579 504 620 lex
537 579 580 620 et
610 578 878 634 euangelicae
908 578 1017 634 legis
1048 579 1360 634 praefiguratio,
1397 593 1533 622 nonne
1567 580 1627 622 sic

101 662 150 702 ea
184 649 324 700 habet,
369 661 475 703 quae
511 648 650 702 priora
688 651 799 700 sunt,
844 651 893 691 ut
929 651 1068 692 tamen
1113 662 1223 692 noua
1266 650 1350 692 sint
1394 651 1532 693 omnia
1576 650 1626 692 de

100 720 342 763 ueteribus?
394 719 614 774 hucusque
654 720 838 773 Moyses,
882 720 1104 775 hucusque
1147 723 1427 779 πεντάτευχος,
1472 722 1625 776 quibus

100 792 283 846 quinque
314 790 456 833 uerbis
494 791 606 833 uelle
644 804 690 833 se
721 791 839 845 loqui
876 792 917 833 in
951 791 1130 834 ecclesia
1163 792 1366 847 gloriatur
1397 794 1629 847 apostolus

99 862 188 915 Iob,
239 862 449 916 exemplar
489 861 731 916 patientiae,
782 874 888 916 quae
931 875 1011 904 non
1057 862 1259 917 mysteria
1309 875 1385 905 suo
1436 876 1627 906 sermone

101 932 407 987 conplectitur?
450 945 574 987 prosa
616 932 779 987 incipit,
823 945 950 975 uersu
993 933 1163 985 labitur,
1207 933 1393 988 pedestri
1437 947 1627 978 sermone

102 1004 263 1054 finitur3
309 1003 528 1058 omnisque
573 1004 818 1046 dialecticae
855 1004 1051 1058 proponit
1084 1003 1290 1060 λήμματα,
1328 1005 1629 1059 propositione,

29 1128 32 1133 Ι
102 1075 410 1129 adsumptione,
461 1074 790 1125 confirmatione,
841 1075 1111 1117 conclusione
1155 1075 1416 1119 determinat.
1463 1077 1631 1132 singula

100 1146 142 1187 in
182 1158 230 1188 eo
266 1145 397 1188 uerba
432 1145 554 1199 plena
600 1148 701 1188 sunt
747 1145 942 1188 sensibus
988 1148 1043 1197 et,
1086 1148 1136 1188 ut
1179 1146 1229 1188 de
1274 1147 1424 1189 ceteris
1469 1147 1630 1200 sileam,

101 1217 451 1259 resurrectionem
486 1229 706 1271 corporum
739 1217 802 1259 sic
838 1217 1076 1271 prophetat,
1115 1219 1165 1259 ut
1203 1218 1347 1260 nullus
1386 1217 1436 1260 de
1475 1231 1523 1261 ea
1560 1219 1631 1262 uel

103 1287 370 1330 manifestius
408 1287 479 1329 uel
517 1288 683 1331 cautius
728 1288 962 1342 scripserit:
1008 1288 1137 1339 scio,
1181 1289 1333 1342 inquit,
1380 1290 1517 1342 quod
1560 1303 1631 1332 re·

105 1359 350 1413 demptor
400 1371 550 1401 meus
601 1359 758 1401 uiuat
814 1361 864 1401 et
912 1359 962 1401 in
1020 1359 1324 1402 nouissimo
1385 1360 1443 1402 de
1487 1365 1631 1403 terra

104 1432 522 1472 resurrecturus
571 1430 684 1472 sim.
730 1431 782 1472 et
818 1443 1030 1472 rursum
1070 1430 1449 1474 circumdabor
1487 1432 1631 1486 pelle

105 1514 216 1543 mea
264 1502 401 1543 etin
441 1514 596 1544 carne
634 1513 746 1543 mea
776 1497 971 1544 uidebo
1011 1501 1176 1559 deum,
1218 1515 1369 1556 quem
1407 1503 1632 1546 uisurus

106 1585 217 1614 sum
252 1585 345 1628 ego
372 1572 489 1626 ipse
522 1577 572 1614 et
605 1572 752 1614 oculi
783 1572 881 1614 mei
913 1573 1267 1626 conspecturi
1300 1576 1423 1615 sunt
1455 1576 1505 1617 et
1536 1587 1632 1616 non

225 1723 244 1757 7
273 1722 318 1758 cf.
344 1723 362 1757 I
388 1722 469 1758 Cor.
498 1723 552 1764 14,
583 1723 626 1757 19
702 1723 746 1757 14
771 1722 889 1758 *Hiob
918 1723 972 1767 19,
999 1723 1140 1758 25-27

156 1806 172 1839 1
201 1806 316 1851 spirat
340 1807 365 1840 λ
392 1805 570 1851 inspirant
594 1804 662 1840 ΣΒ
806 1816 925 1840 nonne
951 1806 1019 1840 tot.
1045 1816 1113 1840 om.
1139 1806 1164 1840 λ
1285 1805 1307 1839 2
1334 1804 1585 1840 arthimeticae
1610 1808 1635 1841 λ

107 1864 337 1900 archimedici
362 1865 407 1899 H
546 1864 705 1910 profetia
730 1866 754 1900 λ
780 1864 1014 1910 propheticae
1039 1864 1076 1899 P
1216 1863 1336 1899 balam
1363 1865 1388 1899 λ
1413 1864 1580 1899 balaham
1609 1864 1639 1900 S

106 1925 248 1970 palaam
274 1924 318 1959 H
399 1925 421 1960 3
446 1924 592 1959 heremo
617 1924 791 1959 Da.c.m2
897 1923 1116 1958 mansiorum
1141 1923 1187 1958 H
1293 1923 1586 1958 deuteronomius
1611 1925 1635 1959 λ

107 1983 380 2018 deuteronomio
405 1983 447 2018 H
472 1982 756 2018 deutronomium
785 1982 815 2017 S
889 1984 913 2017 4
937 1993 1056 2017 nonne
1082 1993 1149 2018 om.
1177 1981 1276 2017 ZDS
1347 1982 1368 2017 5
1394 1981 1505 2017 habet
1530 1993 1572 2018 ea
1596 1982 1641 2016 H

108 2043 162 2088 ut]
191 2045 228 2078 et
252 2043 298 2077 H
376 2054 471 2078 noua
497 2053 564 2078 om.
590 2043 615 2078 λ
695 2041 739 2077 de
765 2044 839 2077 uet.
866 2043 986 2077 omnia
1011 2041 1055 2076 H
1133 2041 1252 2076 omnia
1277 2052 1345 2077 om.
1371 2042 1400 2077 S
1448 2041 1469 2076 6
1495 2041 1636 2087 Moyses

108 2111 174 2136 om.
201 2112 225 2146 g
322 2102 386 2136 alt.
411 2101 597 2147 hucusque
623 2111 691 2136 om.
717 2099 783 2145 Hg
889 2098 1240 2135 ΠΕΝΤΑΤΕΥΧΟΟ
1265 2099 1302 2134 Ρ
1327 2098 1636 2135 ΠΕΝΘΑΘΕΟΥ-

107 2160 204 2197 KOC
230 2160 260 2196 S
282 2160 612 2206 HENEAECOyke
638 2160 677 2195 D
700 2158 1076 2196 ITENEAEOCURE
1102 2160 1135 2194 Σ
1154 2158 1419 2205 pentateuchus
1445 2158 1486 2193 H
1509 2161 1636 2204 penta-

109 2221 260 2256 theucus
286 2222 310 2256 λ
420 2220 564 2265 quibus]
593 2219 650 2255 his'
676 2219 722 2254 H
814 2220 834 2253 7
861 2218 955 2254 uelle
982 2229 1019 2254 se
1045 2218 1146 2264 loqui
1172 2217 1243 2253 λΗ
1263 2217 1363 2263 loqui
1389 2229 1426 2253 ne
1452 2218 1546 2254 uelle
1573 2223 1636 2254 cet.

109 2281 145 2315 in
174 2281 240 2316 ecl.
266 2280 358 2326 glor.
384 2290 440 2326 ap.
465 2279 510 2314 H
532 2291 589 2324 ap.
617 2284 659 2321 (8.
688 2279 711 2315 l.
738 2280 802 2313 m2
820 2279 858 2322 λ)
885 2279 922 2313 in
949 2278 1090 2323 eec(c)l.
1117 2278 1170 2322 (in
1198 2276 1284 2312 eccl.
1311 2288 1378 2312 om.
1398 2278 1436 2321 λ)
1463 2277 1554 2322 glor.
1574 2281 1635 2312 cet.

110 2340 131 2375 8
157 2339 216 2374 iob
243 2341 333 2384 (non
357 2339 458 2379 hiob)
483 2339 587 2375 codd.
699 2338 898 2384 exemplare
925 2336 1126 2383 sapientiae
1151 2336 1197 2372 H
1301 2347 1393 2382 quae
1418 2347 1490 2371 non
1516 2338 1635 2382 myst]

109 2399 350 2446 mysteriaque
375 2410 447 2434 non
472 2398 516 2434 H
610 2409 678 2444 que
705 2409 748 2434 ex
773 2398 835 2444 qui
860 2397 900 2433 D
990 2398 1011 2432 9
1037 2397 1158 2443 prosa]
1186 2395 1404 2432 sententiale
1430 2395 1639 2441 adloquitur

111 2489 131 2512 a
155 2477 273 2512 medio
299 2476 383 2512 libri
409 2487 447 2522 q;
475 2478 591 2512 metro
617 2475 742 2510 finitur
768 2486 806 2521 q;
834 2479 867 2521 p.
894 2486 939 2509 m.
966 2485 1074 2520 prosa
1098 2474 1139 2508 H
1235 2484 1344 2509 uorsu
1370 2474 1395 2509 λ
1491 2473 1585 2508 labit
1604 2475 1639 2516 λ,

110 2548 178 2574 om.
203 2537 245 2572 H
301 2537 344 2572 10
370 2547 463 2571 omn.
491 2534 576 2570 dial.
601 2546 703 2581 prop.
729 2534 836 2582 λήμμ.
863 2533 996 2579 scripsi
1020 2538 1138 2578 omsq;
1165 2532 1356 2568 dialectice
1380 2543 1481 2579 prop.
1508 2532 1637 2577 prolis-

111 2598 209 2631 mata
233 2596 326 2641 legis
345 2596 388 2630 H
406 2607 500 2630 omn.
527 2594 612 2630 dial.
631 2595 656 2629 λ
682 2605 776 2628 omn.
802 2594 894 2639 legis
914 2592 1001 2628 dial.
1019 2592 1156 2627 PZDS
1172 2602 1366 2636 omnesque
1387 2590 1486 2636 leges
1513 2590 1596 2625 dial.
1615 2601 1639 2634 g

114 2656 154 2690 11
183 2655 444 2691 determinatur
468 2654 570 2689 ZDS
676 2653 720 2688 12
746 2652 857 2688 uerba
880 2652 918 2687 in
945 2663 985 2687 eo
1010 2651 1053 2686 H
1172 2651 1229 2696 eo]
1257 2661 1300 2685 ea
1322 2651 1347 2685 λ
1467 2649 1576 2695 plana
1599 2648 1643 2683 H

112 2716 156 2750 13
182 2714 226 2750 de
253 2715 308 2760 ea]
334 2714 402 2750 dea
425 2713 496 2750 .2.H
617 2713 661 2747 14
687 2713 761 2758 uel]
789 2711 891 2747 uelut
914 2711 960 2746 H
1069 2710 1209 2756 scripa]
1236 2709 1399 2755 loquitur
1424 2708 1576 2754 sumpsit
1599 2707 1640 2741 H

111 2774 173 2808 ille
198 2772 325 2818 inquid
351 2772 432 2811 scio.
452 2773 477 2808 λ
564 2772 606 2806 15
633 2771 728 2806 uiuit
753 2770 783 2806 S
807 2770 931 2806 ueniat
955 2770 997 2805 H
1094 2780 1175 2804 nou.
1203 2767 1261 2803 die
1286 2779 1310 2812 ς
1390 2767 1433 2803 16
1459 2768 1638 2802 surrectu-

112 2844 171 2867 rus
196 2832 262 2867 PS
357 2843 433 2867 sum
460 2831 517 2867 λδ
588 2831 631 2866 17
660 2829 841 2865 dominum
870 2828 969 2864 ZDS
