1884 3254
624 223 828 269 Epistula
852 222 969 258 XXIX
994 224 1086 258 5—7
1535 227 1616 268 241

94 354 136 396 in
168 353 358 396 Hebraeo
390 353 569 394 habetur
593 352 696 394 ‘sine
723 351 860 406 ephod
892 354 935 394 et
966 352 1057 394 sine
1088 352 1326 406 teraphim’,
1352 353 1465 395 sicut
1489 353 1620 396 Theo·

95 425 238 467 dotion
258 435 426 478 quoque
447 426 489 465 et
509 422 786 478 Symmachus
811 423 1129 465 transtulerunt.
1151 435 1197 465 ex
1224 436 1306 477 quo
1332 423 1621 479 intellegimus
1658 426 1681 459 4

0 482 18 542 ξ
94 495 134 538 in
174 495 311 549 ephod
346 495 463 536 iuxta
495 493 773 549 Septuaginta
806 506 985 547 quoque,
1021 494 1092 548 qui
1125 506 1296 536 sensum
1328 494 1464 549 magis
1496 507 1621 549 quam

93 565 272 608 uerbum
297 564 562 619 interpretati
587 565 700 614 sunt,
727 564 1039 606 ‘sacerdotium’
1066 564 1307 620 significari,
1341 563 1381 606 in
1414 565 1622 620 teraphim

16 643 71 676 ⁵⁶
95 649 210 688 uero,
253 636 298 678 id
342 638 407 678 est
445 634 798 690 ‘figurationibus'
837 635 907 676 uel
945 634 1137 690 ‘figuris'‚
1177 635 1295 677 uaria
1337 648 1476 690 opera,
1515 648 1621 690 quae

94 707 301 762 teraphim
327 709 546 758 uocantur,
571 706 779 761 intellegi.
802 718 896 748 nam
923 710 966 748 et
995 706 1037 747 in
1069 705 1211 748 Exodo
1238 707 1475 760 ceterisque
1500 707 1620 758 locis,
1659 709 1680 743 5

94 778 168 821 ubi
199 777 493 820 describuntur
523 779 668 818 uestes
699 776 908 830 plumaria
940 779 1026 820 arte
1058 778 1290 827 contextae,
1323 780 1445 831 ‘opus
1477 777 1622 819 cheru-

94 849 209 900 bim’‚
239 848 284 890 id
316 851 382 890 est
412 847 590 889 ‘uarium
618 850 753 906 atque!
771 848 1015 901 depictum’,
1040 848 1198 890 factum
1233 860 1325 890 esse
1357 848 1621 898 describitur,

15 923 20 927 ⁹
95 920 157 962 ita
192 922 348 967 tamen,
381 921 429 960 ut
460 932 545 960 uau
577 919 760 960 litteram
795 919 1013 960 cherubim
1046 931 1126 960 non
1158 919 1352 969 habeant,
1386 919 1498 973 quia,
1530 919 1621 960 ubi-

14 997 72 1033 510
96 1003 276 1044 cumque
322 1003 417 1032 cum
460 990 538 1032 hac
580 990 725 1032 littera
768 990 1023 1042 scribuntur,
1069 989 1266 1031 animalia
1308 989 1445 1044 magis
1497 1002 1622 1043 quam

33 1055 38 1063 ⁸
96 1074 221 1116 opera
265 1061 515 1116 significant.
550 1060 668 1102 iuxta
710 1060 821 1102 hunc
865 1060 998 1115 igitur
1041 1073 1209 1102 sensum
1256 1062 1298 1102 et
1340 1060 1483 1102 Micha
1526 1072 1622 1102 cum

14 1156 34 1193 v=
95 1135 216 1175 ueste
248 1132 498 1175 sacerdotali
532 1134 668 1174 cetera
694 1143 874 1185 quoque,
903 1144 1009 1185 quae
1042 1131 1094 1172 ad
1126 1130 1385 1173 sacerdotale
1411 1130 1623 1185 pertinent

19 1213 27 1221 “
96 1206 400 1253 ornamentum,
431 1214 506 1255 per
536 1202 742 1256 teraphim
775 1201 926 1244 fecisse
957 1203 1230 1245 monstratur.

18 1319 19 1322 ,
156 1275 195 1316 7.
236 1271 371 1324 Quam
410 1273 563 1315 uellem
604 1285 714 1314 nunc
753 1273 831 1314 tibi
871 1285 1036 1314 omnem
1069 1272 1263 1314 habitum
1296 1272 1525 1314 sacerdotis
1558 1285 1622 1314 ex-

11 1341 72 1388 ?-15
93 1356 248 1400 ponere
280 1347 323 1386 et
353 1356 427 1398 per
452 1343 644 1398 singulas
671 1343 858 1385 uestium
885 1343 1047 1396 species
1075 1343 1219 1385 diuina
1245 1343 1462 1385 ostendere
1489 1354 1624 1384 sacra-

90 1417 254 1459 menta!
282 1428 444 1466 uerum,
471 1415 569 1468 quia
601 1416 643 1456 et
673 1414 714 1472 in
748 1414 827 1456 hoc
851 1414 945 1468 ipso
974 1413 1228 1455 breuitatem
1254 1413 1459 1468 epistulae
1487 1426 1624 1456 exces-

97 1487 232 1530 simus
255 1487 297 1528 et
314 1486 521 1540 Iosephus
543 1498 590 1527 ac
610 1484 747 1535 Philo,
767 1484 850 1526 uiri
871 1484 1107 1527 doctissimi
1127 1484 1394 1535 Iudaeorum,
1417 1484 1624 1537 multique

98 1558 147 1600 de
178 1556 334 1600 nostris
365 1556 411 1598 id
445 1555 656 1598 latissime
693 1555 907 1610 persecuti
946 1556 1056 1608 sunt,
1088 1567 1229 1597 coram
1261 1555 1380 1606 uiua,
1410 1557 1460 1597 ut
1493 1555 1623 1606 aiunt,

10 1614 21 1658 ’ἦ
96 1641 201 1671 uoce
221 1628 367 1670 audies
387 1640 467 1669 me.
480 1628 666 1683 (aeque),
683 1640 788 1681 quae
804 1627 853 1669 de
869 1629 1009 1669 cetero
1029 1626 1154 1677 uelis,
1169 1638 1367 1680 praesens
1381 1626 1623 1680 percontato
1650 1670 1654 1673 p

11 1715 76 1759 21²⁰
97 1701 373 1754 praesentem,
406 1700 466 1749 ut,
501 1698 536 1740 si
569 1697 670 1752 quid
701 1698 808 1740 forte
839 1697 1068 1755 nescimus„
1097 1697 1186 1739 sine
1218 1698 1342 1746 teste,
1371 1696 1460 1738 sine
1486 1696 1625 1738 iudice

22 1914 26 1918 .
218 1874 240 1908 6
266 1871 310 1908 cf.
334 1872 399 1907 Ex.
426 1873 485 1916 26,
512 1872 529 1907 1
558 1874 596 1909 et
619 1872 678 1907 31.
704 1871 761 1914 37,
788 1873 808 1907 5
938 1870 981 1906 17
1014 1870 1059 1906 cf.
1091 1870 1279 1917 Iosephus,
1313 1875 1385 1905 ant.
1416 1869 1496 1906 Iud.
1523 1869 1580 1904 ΙΙΙ
1606 1869 1625 1904 7

23 1931 43 1958 -’
101 1933 144 1967 ef.
169 1932 286 1977 Philo,
314 1931 358 1966 de
384 1931 592 1967 monarchia
617 1932 651 1976 2,
678 1931 770 1966 5-6

150 2050 165 2084 1
193 2049 348 2084 habetur
372 2048 409 2083 Β
433 2051 490 2083 est
515 2051 578 2084 cet.
623 2046 631 2052 '
712 2050 750 2083 et
774 2045 1022 2092 sine—ephod
1048 2057 1114 2082 om.
1141 2046 1256 2081 AIID
1376 2045 1566 2080 teodocion
1592 2044 1628 2079 Β

101 2109 122 2143 2
149 2109 305 2154 quoque]
333 2107 402 2143 del.
427 2108 474 2149 B,
501 2118 567 2144 om.
593 2119 618 2153 ς
677 2108 700 2142 4
724 2106 836 2142 uerba
858 2118 884 2152 g
961 2106 1159 2151 significari
1183 2105 1220 2139 B
1244 2104 1477 2151 interpretari
1500 2103 1633 2146 ADJI

102 2169 182 2211 (alt.
207 2168 220 2202 i
245 2178 289 2202 ex
315 2170 348 2212 e)
459 2168 496 2202 in
521 2167 567 2212 Β,
592 2178 661 2202 om.
688 2170 750 2202 cet.
842 2167 862 2200 5
889 2165 947 2200 uel
973 2165 1057 2210 (del.
1082 2165 1159 2211 m2)
1185 2164 1286 2199 uaria
1310 2164 1346 2198 B
1431 2164 1629 2198 6-uocatur

99 2226 214 2261 AHD
328 2227 379 2270 et]
406 2237 434 2261 3.
462 2226 485 2260 l.
510 2225 547 2260 B
573 2236 614 2260 ex
638 2225 674 2259 A
772 2226 791 2260 7
820 2223 964 2259 discrib.
992 2224 1067 2259 AD
1092 2224 1196 2259 scrib.
1222 2223 1266 2258 H
1382 2222 1566 2258 cherubim
1591 2223 1632 2256 H

102 2285 271 2321 cherubin
291 2283 383 2330 ¹D‚A
407 2287 445 2330 (u
470 2296 515 2321 ex
538 2296 558 2320 o
586 2287 660 2330 m2)
684 2284 888 2330 theraphim
916 2285 952 2318 B
1006 2284 1028 2319 8
1055 2284 1261 2329 depinctum
1286 2284 1322 2318 B
1395 2294 1471 2318 esse
1496 2282 1580 2317 fact.
1605 2293 1630 2326 ς

102 2347 122 2379 9
145 2343 271 2380 littera
295 2344 331 2378 B
462 2344 632 2379 cherubin
660 2345 695 2378 A
721 2344 866 2379 cerubin
891 2343 931 2378 D
1056 2342 1191 2378 habeat
1215 2343 1291 2378 AD
1389 2342 1432 2377 10
1458 2352 1537 2376 cum
1561 2340 1630 2375 hac

101 2416 128 2439 s.
155 2404 176 2439 l.
203 2404 239 2438 B
317 2402 487 2438 scribitur
510 2404 714 2448 Bp.c.m2‚3
789 2403 828 2438 11
857 2403 963 2448 sign.]
991 2403 1167 2448 scriptura
1192 2403 1275 2447 (om.
1299 2403 1338 2447 g)
1364 2401 1546 2447 significat
1570 2400 1631 2444 Bg

99 2463 148 2508 ig.
173 2462 269 2497 hunc
293 2473 317 2506 g
389 2462 482 2497 mica
506 2462 542 2496 B
594 2462 636 2496 12
665 2462 818 2507 quoque]
847 2473 916 2507 quo
944 2462 978 2495 A
1051 2460 1291 2496 sacerdotalia
1314 2471 1339 2505 ς
1411 2459 1568 2505 pertinet
1592 2459 1634 2492 Π

60 2523 62 2526 ’
103 2523 146 2556 13
172 2523 383 2556 ornamenta
405 2532 430 2565 g
493 2522 536 2556 14
562 2532 669 2566 quam
696 2522 835 2566 Ap.c.‚3
860 2531 965 2566 quem
992 2520 1153 2564 Aa.c.,11
1175 2531 1255 2555 cum
1274 2520 1310 2554 Β
1388 2519 1500 2554 uellet
1525 2519 1628 2553 Aa.c.

102 2579 336 2615 sacerdotalis
361 2580 405 2614 Π
426 2579 687 2614 sacerdotalem
711 2591 737 2625 ς
788 2581 830 2614 16
858 2582 894 2615 et
920 2591 987 2615 om.
1015 2579 1130 2614 AHD
1202 2579 1238 2614 in
1265 2579 1333 2613 hoc
1358 2579 1394 2613 in
1420 2579 1456 2612 Β
1507 2579 1548 2612 17
1577 2578 1629 2611 io-

102 2649 208 2684 sepus
233 2639 268 2672 A
293 2638 463 2683 ioseppus
488 2638 528 2672 D
602 2638 648 2674 18
673 2638 715 2673 de
741 2650 768 2675 8.
797 2639 819 2674 1.
845 2639 880 2673 B
973 2639 1156 2684 prosecuti
1182 2638 1260 2672 ΑΠ
1359 2647 1475 2672 coram
1500 2635 1630 2682 scripsi

102 2708 249 2742 quorum
276 2699 315 2741 (8.
344 2697 367 2732 l.
394 2696 441 2742 Β)
460 2697 572 2733 ίοοάᾱ.
660 2698 744 2733 uiua
769 2709 836 2733 om.
864 2698 978 2733 AIID
1063 2698 1119 2743 ut]
1145 2700 1208 2732 aut
1233 2697 1272 2731 D
1347 2697 1389 2730 19
1417 2695 1517 2739 uoce]
1543 2694 1629 2729 add.

32 2774 34 2778 >
102 2759 142 2791 ut
167 2758 200 2790 A
288 2767 402 2800 aeque
429 2755 572 2801 addidi,
597 2767 666 2791 om.
693 2757 796 2792 codd.
894 2757 1024 2792 ceteris
1043 2756 1207 2801 Bp.c.m2
1293 2755 1383 2790 uelis
1408 2765 1435 2788 8.
1464 2753 1486 2787 l.
1512 2755 1575 2788 m2
1599 2752 1634 2786 B

22 2811 33 2858 ‘3
104 2817 356 2861 percunctator
379 2826 403 2859 g
475 2815 521 2850 20
547 2815 642 2861 quod
668 2816 782 2851 ΔΗΒ

139 2896 217 2923 mv.
239 2897 365 2923 Hieron.
388 2897 488 2930 Epist.
509 2896 534 2925 1.
1539 2881 1582 2915 16

23 2786 35 2803 ⁴
27 2742 34 2746 2
19 2631 45 2727 4,an
18 2406 43 2619 ἼΓᾷ-ῄξιῄνμςρ,
16 2319 34 2399 J-dqaess
23 2303 26 2305 .
16 2256 26 2273 τ.
16 2216 29 2246 ,ις
22 2198 25 2204 μ
21 2098 24 2102 .
