1884 3254
227 257 313 299 472
771 253 924 289 Sancti
949 252 1184 298 Hieronym

227 387 409 427 mentem
442 384 562 426 ardor
595 384 683 426 eius
716 383 755 424 in
790 381 1019 433 Christum,
1050 381 1186 435 pallor
1217 394 1264 423 ex
1294 382 1476 433 ieiuniis,
1511 382 1750 436 elemosyna

227 455 269 496 in
307 467 524 509 pauperes,
570 453 821 507 obsequium
865 453 907 493 in
955 464 1099 494 seruos
1138 451 1218 504 dei,
1262 452 1480 494 humilitas
1526 455 1569 494 et
1611 453 1748 495 cordis

227 527 268 566 et
307 525 494 568 uestium
532 526 656 577 atque
699 523 742 565 in
785 523 949 565 cunctis
994 535 1130 565 sermo
1174 523 1430 565 moderatus.
1474 526 1593 577 pater
1634 526 1750 573 tuus,

227 607 350 649 quem
372 607 449 650 ego
470 593 639 636 honoris
660 605 788 635 causa
806 592 974 635 nomino
996 617 1049 623 —
1071 605 1152 635 non
1179 593 1278 646 quia
1303 593 1534 636 consularis
1562 595 1604 635 et
1627 593 1752 647 patri-

227 665 332 716 cius,
348 665 422 707 sed
443 664 541 719 quia
555 663 818 707 Christianus
840 665 904 705 est
923 687 994 714 —‚
1014 650 1174 717 inpleat
1191 676 1340 706 nomen
1361 676 1485 706 suum
1512 665 1555 706 et
1571 663 1754 705 laetetur
1794 675 1811 703 ει
1861 683 1865 703 1

226 735 354 777 filiam
395 734 561 777 Christo
601 746 645 776 se
683 733 896 788 genuisse,
935 746 1017 776 non
1055 733 1247 784 saecu103
1281 734 1381 788 quin
1418 734 1561 788 potius
1601 733 1752 783 doleat,

227 806 339 859 quod
377 807 419 847 et
461 805 750 860 uirginitatem
793 804 951 846 frustra
993 804 1184 846 amiseris
1229 806 1272 846 et
1314 804 1479 847 fructus
1522 803 1754 858 perdideris

226 877 481 930 nuptiarum.
519 876 593 918 ubi
637 877 703 918 est
744 874 936 926 maritus,
975 887 1098 929 quem
1135 875 1215 917 tibi
1254 875 1396 918 dedit?
1439 875 1607 917 etiamsi
1645 887 1754 916 ama-

226 947 339 998 bilis,
377 936 544 989 etiamsi
581 946 716 988 bonus
745 945 922 996 fuisset,
961 957 1073 987 mors
1111 945 1276 988 finisset
1314 945 1455 988 omnia
1486 947 1528 987 et
1561 945 1754 1000 copulam

228 1017 362 1059 carnis
395 1017 598 1059 soluisset
627 1017 838 1058 interitus.
871 1016 1018 1070 arripe,
1051 1028 1220 1070 quaeso,
1253 1016 1516 1058 occasionem
1543 1018 1587 1058 et
1610 1015 1676 1058 fac
1702 1015 1752 1058 de
1779 1029 1815 1056 ιο

226 1087 479 1129 necessitate
510 1087 726 1129 uirtutem.
760 1100 839 1129 non
873 1087 1129 1140 quaeruntur
1158 1086 1200 1128 in
1233 1086 1484 1129 Christianis
1516 1085 1650 1138 initia,
1683 1085 1757 1128 sed

226 1158 343 1200 finis:
375 1158 536 1200 Paulus
573 1158 683 1200 male
723 1157 875 1210 coepit,
921 1157 995 1199 sed
1031 1157 1137 1199 bene
1174 1157 1332 1206 finiuit;
1372 1157 1503 1199 Iudae
1532 1156 1759 1199 laudantur

227 1227 406 1279 exordia,
434 1228 508 1270 sed
533 1228 628 1270 finis
654 1227 889 1282 proditione
917 1227 1148 1269 damnatur.
1175 1228 1268 1283 lege
1290 1227 1503 1271 Ezechiel:
1530 1227 1758 1270 iustitia

226 1298 364 1341 iusti
397 1312 495 1340 non
527 1299 792 1341 liberabit
825 1311 953 1349 eum,
991 1298 1042 1340 in
1082 1311 1417 1353 quacumque
1457 1299 1541 1342 die
1579 1311 1758 1354 pecca-

227 1369 385 1420 uerit,
420 1371 471 1411 et
501 1369 738 1424 inpietas
768 1369 911 1423 inpii
943 1382 1039 1411 non
1071 1370 1295 1412 nocebit
1326 1370 1388 1422 ei,
1429 1371 1481 1412 in
1514 1382 1759 1424 quacum·
1783 1380 1818 1407 1⁵
1867 1404 1869 1406 .

230 1453 326 1494 que
360 1440 441 1482 die
475 1453 772 1483 conuersus
811 1440 981 1482 fuerit
1019 1440 1076 1481 ab
1116 1440 1387 1494 inpietate
1428 1453 1534 1484 sua.
1570 1441 1654 1483 ista
1693 1443 1760 1483 est

229 1512 343 1552 scala
373 1511 513 1563 Iacob,
553 1524 627 1566 per
663 1524 788 1565 quam
827 1511 967 1565 angeli
998 1511 1287 1554 conscendunt
1321 1513 1448 1565 atque
1486 1512 1760 1562 descendunt,

229 1581 298 1623 cui
329 1581 523 1624 dominus
556 1582 751 1635 innititur
782 1582 906 1625 lassis
938 1582 1154 1636 porrigens
1186 1595 1357 1624 manum
1386 1585 1428 1624 et
1453 1583 1590 1625 fessos
1618 1595 1756 1625 ascen-

230 1651 419 1694 dentium
464 1665 635 1707 gressus
680 1652 747 1695 sui
797 1652 1151 1706 contemplatione
1202 1653 1458 1695 sustentans.
1510 1654 1597 1704 sed,
1647 1653 1759 1695 sicut

229 1736 309 1765 non
340 1723 436 1765 uult
471 1726 650 1765 mortem
689 1723 937 1776 peccatoris,
974 1725 1141 1765 tantum
1180 1725 1227 1764 ut
1264 1725 1504 1766 reuertatur
1540 1726 1584 1766 et
1619 1723 1753 1772 uiuat,
1779 1733 1815 1761 20

228 1794 288 1836 ita
311 1793 475 1847 tepidos
504 1793 592 1836 odit
617 1795 659 1835 et
684 1793 767 1836 cito
795 1793 833 1836 ei
859 1793 1049 1836 nausiam
1075 1794 1250 1837 faciunt.
1285 1794 1354 1836 cui
1380 1794 1478 1849 plus
1512 1794 1753 1846 dimittitur,

229 1865 325 1918 plus
359 1864 511 1919 diligit.
1436 1861 1443 1865 ’

346 1992 372 2043 4.
395 1990 439 2025 cf.
467 1989 589 2026 Cicero
616 1991 710 2025 Phil.
737 1991 774 2025 II
800 1991 844 2026 30
896 1991 939 2026 13
958 1991 1088 2026 Ezech.
1110 1992 1166 2036 33,
1189 1991 1231 2027 12
1284 1992 1327 2027 17
1357 1991 1401 2028 cf.
1426 1991 1513 2028 Gen.
1541 1991 1597 2033 28,
1621 1991 1758 2027 12—13

230 2050 275 2084 20
302 2049 346 2085 cf.
371 2049 502 2085 Ezech.
525 2049 581 2094 33,
603 2050 644 2084 11
721 2051 764 2084 21
794 2050 837 2085 cf.
863 2051 971 2096 Apoc.
997 2051 1030 2092 3,
1060 2051 1102 2086 16
1201 2050 1244 2086 cf.
1270 2051 1357 2088 Luc.
1385 2053 1416 2095 7,
1442 2051 1487 2086 47

277 2133 294 2167 1
325 2133 401 2167 eius
426 2144 494 2168 om.
518 2144 543 2178 g
615 2137 683 2178 xpo
704 2133 787 2168 K‘F
856 2134 1062 2179 elemosyna
1082 2133 1156 2169 GD
1181 2135 1378 2180 elymosina
1399 2147 1421 2171 ε
1450 2134 1758 2180 θ(αθΦ)Ῑε(ἰΦΨ>-

229 2191 554 2236 mosy(i<1⁵z¹B)nae
579 2191 733 2226 ΚΦΨΒ
759 2192 1006 2237 eleemosynae
1025 2203 1050 2236 ς
1120 2193 1142 2227 2
1169 2195 1206 2227 et
1231 2204 1298 2229 om.
1318 2204 1342 2238 g
1437 2195 1529 2228 uest.
1557 2195 1594 2227 et
1621 2192 1717 2228 cord.
1735 2203 1759 2238 g

231 2250 252 2284 3
279 2252 315 2284 et
340 2261 405 2286 om.
437 2251 469 2284 Φ
564 2252 757 2296 uestigium
790 2253 823 2285 Φ
919 2251 1035 2296 adque
1060 2251 1166 2287 &GK
1264 2263 1379 2287 sermo
1406 2263 1475 2287 om.
1505 2253 1536 2286 Φ
1632 2250 1754 2286 mode—

230 2308 342 2342 ratius
373 2308 477 2343 Y'a-r.
504 2309 691 2344 decoratus
717 2322 738 2346 ε
821 2310 843 2344 4
871 2310 953 2355 quia
980 2321 1046 2346 om.
1076 2311 1108 2345 Φ
1192 2311 1212 2345 5
1240 2313 1276 2346 et
1301 2322 1367 2346 om.
1391 2323 1415 2357 ς
1500 2311 1521 2346 6
1547 2314 1615 2356 xpo
1642 2321 1679 2345 se
1706 2310 1757 2348 fil.

232 2377 312 2411 gen.
339 2367 377 2401 D
447 2372 527 2413 xpm
559 2370 590 2402 Φ
662 2380 699 2403 se
726 2380 793 2404 om.
824 2369 882 2414 ὃς
953 2380 1036 2414 gen.
1062 2374 1128 2415 xpo
1153 2381 1178 2414 g
1250 2370 1432 2406 saeculum
1463 2372 1495 2405 Φ
1549 2371 1569 2405 7
1596 2368 1758 2405 amiserit

231 2423 337 2469 Kp.c.
435 2427 583 2472 perierit
608 2428 643 2461 Β
727 2429 748 2462 9
775 2427 885 2463 fuisse
915 2429 947 2462 Φ
1040 2440 1135 2464 mors
1162 2430 1293 2464 finissit
1317 2441 1346 2464 s.
1373 2429 1396 2465 l.
1425 2429 1467 2464 K
1560 2430 1692 2464 finissit
1717 2429 1759 2464 K

231 2485 312 2520 finis
339 2487 376 2520 et
400 2486 438 2520 D
463 2486 642 2531 rapuisset
665 2498 690 2531 g
810 2488 854 2522 10
879 2488 943 2522 int.
971 2488 1060 2522 solu.
1088 2488 1123 2522 B
1261 2499 1393 2525 occasa.
1425 2488 1527 2534 ἅμα.
1553 2499 1691 2525 oceane.
1717 2488 1760 2523 K

233 2543 273 2578 11
302 2544 554 2579 necessitatem
579 2544 726 2580 Ka.c.‹1›
830 2546 872 2580 12
898 2547 987 2581 fines
1010 2546 1044 2581 G
1163 2547 1301 2593 incepit
1320 2548 1356 2583 B
1476 2547 1755 2582 Iudae—damn.

231 2601 272 2636 in
295 2613 361 2647 my.
387 2602 457 2646 inf.
483 2602 527 2637 K
622 2604 664 2638 13
691 2604 846 2649 exordia]
874 2605 980 2640 initia
1004 2605 1088 2640 KP
1179 2606 1382 2642 hiezechiel
1413 2606 1450 2641 Ψ
1472 2607 1510 2641 in
1535 2606 1756 2641 hiezechihcl

231 2660 270 2695 D
296 2661 508 2696 ezechielem
533 2673 558 2706 ς
680 2663 722 2698 14
747 2663 918 2698 liberauit
946 2664 1017 2700 ΕΦ
1147 2665 1183 2699 in
1210 2676 1277 2700 om.
1302 2665 1342 2700 D
1479 2666 1694 2710 quicumque
1717 2665 1757 2700 D

233 2719 275 2753 16
302 2721 384 2765 ista]
411 2720 464 2755 ita
493 2721 524 2755 Φ
617 2722 658 2756 17
686 2723 818 2767 conse]
847 2723 1044 2758 ascendunt
1068 2724 1107 2759 D
1199 2724 1242 2758 18
1267 2723 1379 2771 lapsis
1404 2724 1481 2759 DB
1580 2723 1695 2758 fessus
1724 2725 1756 2758 Φ

235 2779 276 2812 19
303 2779 433 2823 gradus
458 2791 482 2824 g
570 2780 616 2816 20
641 2792 678 2816 se
704 2783 866 2816 uertatur
889 2782 928 2816 D
953 2785 1183 2818 conuertatur
1206 2794 1230 2827 ς
1327 2783 1375 2828 et]
1403 2784 1445 2817 ut
1476 2783 1508 2816 Φ
1592 2782 1636 2817 21
1664 2793 1752 2817 nau·
1808 2786 1811 2790 '

232 2848 306 2872 sam
336 2838 369 2873 G
394 2839 558 2873 nausium
588 2840 620 2873 Φ
647 2850 817 2875 nauseam
844 2841 880 2875 Β
