1884 3254
633 250 846 295 Epistula
869 251 919 285 VI
948 252 1039 285 1—2
1537 256 1593 296 25

128 382 164 422 2.
186 381 365 423 Sanctus
388 382 515 423 frater
533 381 787 423 Heliodorus
809 380 876 423 hic
897 381 1046 431 adfuit,
1069 382 1154 435 qui,
1177 394 1272 424 cum
1294 395 1459 425 mecum
1480 384 1594 424 here·

0 453 7 498 j
66 464 183 493 mum
215 452 346 494 uellet
374 452 570 502 incolere,
604 451 709 493 meis
742 451 972 494 sceleribus
998 452 1171 506 fugatus
1199 452 1417 495 abscessit.
1444 466 1593 494 uerum

67 534 233 564 omnem
277 523 444 578 culpam
489 534 685 576 praesens
737 522 973 565 uerbositas
1018 522 1246 567 excusabit.
1291 535 1404 583 nam.
1445 526 1494 566 ut
1537 525 1598 565 ait

66 592 244 635 Flaccus
270 592 311 634 in
339 596 499 634 satura:
528 592 776 635 omnibus
803 593 899 635 hoc
925 592 1123 635 uitium
1152 595 1235 635 est
1261 593 1592 642 cantoribus,

0 653 4 700 ῗ
66 664 207 705 inter
245 663 444 706 amicos
478 663 614 718 rogati
646 665 694 706 ut
726 676 955 718 numquam
996 665 1178 714 cantent,
1220 664 1425 706 iniussi
1463 677 1595 706 num-

0 771 4 778 .
67 747 218 788 quam
247 734 526 779 desistant.
555 735 613 776 ita.
638 736 680 776 te
707 734 905 788 deinceps
931 734 1118 777 fascibus
1146 735 1319 777 obruam
1343 734 1593 786 litterarum,

65 807 114 847 ut
151 818 172 846 e
215 805 420 847 contrario
463 805 639 858 incipias
684 818 843 860 rogare,
882 818 932 848 ne
970 805 1165 848 scribam.
1214 819 1399 848 sororem
1444 819 1594 848 meam,

6 874 11 876 ’
67 876 196 917 filiam
233 876 273 916 in
316 875 482 918 Christo
521 878 652 924 tuam,
693 875 854 930 gaudeo
893 877 935 918 te
973 875 1158 929 primum
1197 876 1418 918 nuntiante
1456 876 1497 917 in
1545 889 1592 917 eo

6 1029 43 1057 10

64 959 317 1001 permanere,
346 959 428 1000 quo
461 948 664 1000 coeperat.
697 946 765 987 hic
799 945 924 994 enim,
957 945 1031 987 ubi
1064 959 1173 988 nunc
1205 959 1314 996 sum,
1344 959 1422 988 non
1456 946 1592 988 solum

66 1016 166 1071 quid
204 1019 353 1070 agatur
389 1016 429 1057 in
467 1015 616 1070 patria,
651 1016 724 1058 sed
762 1029 812 1057 an
849 1015 943 1070 ipsa
979 1017 1116 1070 patria
1152 1019 1327 1070 perstet,
1358 1017 1519 1071 ignoro.
1553 1020 1596 1058 et

63 1087 166 1129 licet
202 1100 269 1128 me
307 1086 479 1129 sinistro
510 1087 670 1128 Hibera
707 1089 871 1129 excetra
901 1099 1067 1128 rumore
1107 1087 1292 1138 dilaniet,
1324 1099 1406 1130 non
1436 1087 1593 1129 timebo

65 1157 281 1200 hominum
325 1157 532 1199 iudicium
575 1157 797 1199 habiturus
842 1157 1027 1199 iudicem
1078 1170 1238 1200 meum:
1291 1158 1335 1199 si
1386 1158 1593 1200 fractus

9 1221 14 1229 ”
64 1227 345 1270 inlabatur
400 1228 564 1278 orbis,
616 1227 934 1282 inpauidum
990 1228 1196 1270 ferient
1244 1229 1445 1271 ruinae.
1495 1241 1594 1283 qua-

62 1301 233 1354 propter
264 1311 418 1354 quaeso
451 1301 500 1341 ut
532 1298 755 1354 apostolici
789 1311 948 1341 memor
973 1300 1202 1354 praecepti,
1229 1312 1310 1353 quo
1339 1299 1462 1342 docet
1487 1313 1593 1354 opus

62 1373 252 1412 nostrum
278 1382 518 1423 permanere
546 1370 709 1422 debere,
731 1372 773 1412 et
797 1369 877 1411 tibi
904 1382 927 1411 a
953 1360 1121 1412 domino
1148 1370 1381 1424 praemium
1408 1370 1450 1411 in
1475 1369 1593 1412 illius

64 1440 199 1482 salute
226 1452 345 1501 pares
374 1442 416 1482 et
440 1453 508 1482 me
529 1440 579 1482 de
607 1441 821 1482 communi
846 1440 888 1482 in
911 1440 1080 1483 Christo
1102 1441 1237 1495 gloria
1263 1440 1418 1483 crebris
1443 1441 1593 1483 reddas

19 1508 21 1511 ’
64 1510 327 1552 sermonibus
359 1511 592 1553 laetiorem.

180 1638 203 1672 4
228 1637 314 1672 Hor.
342 1640 408 1672 sat.
434 1637 452 1672 Ι
477 1638 510 1678 3,
539 1638 628 1672 1—3
759 1638 802 1673 12
829 1638 914 1674 Hor.
942 1649 1050 1673 carm.
1074 1637 1131 1673 111
1157 1639 1190 1682 3,
1218 1639 1310 1673 7-8
1433 1638 1478 1673 14
1505 1638 1548 1673 cf.
1576 1639 1592 1672 1

71 1696 147 1732 Cor.
174 1697 207 1740 3,
237 1697 280 1732 14

111 1779 133 1814 3
160 1779 346 1814 excusauit
369 1779 474 1814 FLE
552 1779 575 1814 4
601 1781 722 1814 satura
746 1780 879 1824 scripsi
902 1779 965 1825 (cf.
991 1779 1093 1824 epist.
1121 1779 1252 1815 XXII
1273 1790 1352 1825 cap.
1381 1782 1446 1822 32)
1473 1782 1594 1825 satyra

65 1837 135 1873 210
157 1838 268 1873 satira
293 1838 428 1882 (satyra
454 1838 564 1883 Σμσ.)
590 1842 654 1874 cet.
705 1839 726 1873 5
753 1841 902 1874 cantant
929 1838 1022 1884 Epo.
1049 1841 1172 1875 cantet
1196 1838 1268 1873 FL
1339 1839 1468 1874 iniussi
1494 1842 1534 1874 ut
1559 1838 1594 1874 at

64 1898 85 1932 6
111 1899 147 1931 te
173 1909 199 1932 8.
228 1897 249 1932 l.
277 1896 310 1933 23
433 1898 453 1932 7
478 1897 608 1943 incipis
635 1897 720 1941 (-ies
745 1900 822 1942 22³2)
847 1898 882 1933 L
1001 1908 1118 1933 meam
1143 1897 1263 1942 211³ssss
1287 1900 1329 1942 (s.
1358 1899 1408 1943 l.),
1434 1909 1501 1934 om.
1528 1903 1592 1934 cet.

64 1957 85 1990 9
112 1955 207 2000 quod
233 1954 303 1991 210
398 1956 442 1991 10
467 1957 620 2002 peristet
646 1955 681 1992 Ἡ
791 1957 831 1992 11
859 1956 994 2002 hybera
1020 1956 1114 2001 Σμσ.
1141 1957 1268 1992 hiuera
1291 1957 1330 1992 D
1453 1960 1594 1992 excetra

65 2014 240 2059 (excetera
267 2014 376 2060 Sanc.)
402 2025 542 2050 rumore
567 2015 639 2050 ΒΣ
664 2016 806 2050 excetra
838 2026 879 2050 ru
911 2026 970 2050 ore
1003 2009 1154 2058 (excitra
1186 2026 1326 2051 rumore
1350 2016 1438 2061 με.)
1465 2015 1499 2052 ffi
1534 2027 1590 2050 ex-

0 2097 6 2109 .
65 2075 237 2108 cetrarum
275 2074 329 2119 (et
359 2075 558 2109 ceterarum
587 2073 631 2114 0)
668 2085 727 2108 ore
752 2073 864 2110 LDC'
895 2085 936 2109 ex
962 2076 1124 2109 ceteraru
1156 2085 1253 2109 more
1287 2073 1321 2110 ⁵21
1354 2086 1395 2109 ex
1424 2086 1592 2110 aurarum

65 2131 307 2175 (excedrarum
326 2134 413 2177 με.)
439 2143 499 2167 ore
524 2132 574 2167 M
595 2135 632 2168 et
657 2134 688 2176 (t
713 2133 798 2177 del.)
827 2135 964 2168 ceteras
991 2144 1051 2168 ore
1077 2133 1116 2168 F
1139 2135 1280 2169 excetra
1306 2144 1365 2168 ore
1389 2145 1414 2178 g
1493 2133 1592 2168 dela-

64 2192 142 2226 niet
165 2190 237 2226 FL
262 2191 424 2227 delaniat
451 2192 484 2227 Σ
598 2192 642 2227 12
666 2203 784 2227 meum
811 2191 872 2238 (cf.
893 2203 933 2237 p.
962 2195 997 2237 4,
1022 2193 1099 2238 10)]
1128 2192 1231 2227 deum
1255 2192 1356 2228 iuxta
1379 2192 1471 2228 illud
1497 2193 1592 2238 quod

66 2250 210 2296 quidam
237 2251 289 2285 ait
313 2250 344 2285 Ο
436 2251 552 2286 factus
573 2250 674 2287 ςΙΣΣΒ
697 2253 832 2296 (coma),
851 2251 886 2286 L
959 2251 1004 2286 13
1029 2251 1260 2286 inlauabatur
1283 2251 1318 2287 L
1413 2251 1532 2287 ferent
1557 2251 1592 2288 ΞΒ

67 2309 112 2343 14
136 2311 328 2354 praecepta
356 2309 387 2344 Ο
460 2311 501 2344 15
527 2312 731 2345 nostrorum
756 2310 796 2345 F
883 2310 927 2346 16
953 2310 1090 2345 salutet
1113 2308 1152 2345 F
1173 2309 1308 2356 (corn),
1333 2309 1368 2345 L
1462 2309 1593 2346 reddat

66 2366 303 2410 FLMJJEBD
325 2370 447 2412 (corr.)
521 2369 564 2404 17
584 2369 684 2414 laet}
711 2369 798 2405 add.
825 2369 907 2404 uale
925 2369 963 2404 in
982 2372 1050 2414 xpo
1068 2368 1105 2403 B
1130 2369 1220 2414 expl.
1240 2369 1286 2404 ad
1304 2369 1478 2405 iulianum
1498 2369 1592 2412 (diac

65 2426 243 2472 aquileiae
269 2426 356 2462 add.
381 2427 440 2471 M)
465 2426 555 2462 DM
1292 2419 1298 2424 ⁹
