1884 3254
255 305 340 347 398
811 299 963 334 Sancti
987 297 1241 343 Hieronymi

257 432 299 474 in
332 430 586 473 monasterio
621 427 901 471 ordinauerim
934 429 976 468 et
1006 438 1086 468 non
1117 425 1159 467 in
1191 418 1397 480 paroecia,
1415 438 1535 496 xquae
1565 426 1644 468 tibi
1683 426 1780 468 sub-

258 503 367 544 iecta
400 501 467 542 sit.
500 514 522 542 o
556 512 653 541 uere
685 497 906 540 benedicta
944 497 1237 551 episcoporum
1271 494 1395 551 Cypri
1427 495 1706 538 mansuetudo
1739 498 1782 539 et
1828 545 1830 547 ¹

257 572 421 613 bonitas
449 573 490 612 et
515 571 657 611 nostra
680 567 896 610 rusticitas
923 579 1050 609 sensu
1074 569 1147 609 tuo
1175 569 1218 609 et
1242 566 1444 609 arbitratu
1471 566 1597 621 digna
1622 566 1781 609 miseri-

259 640 399 683 cordia
431 639 515 681 dei!
549 652 643 681 nam
676 638 801 680 multi
834 637 1022 692 episcopi
1055 637 1361 691 communionis
1393 638 1559 679 nostrae
1592 639 1634 678 et
1668 649 1782 692 pres·
1854 671 1858 673 ,

258 712 426 766 byteros
441 710 481 751 in
503 711 646 752 nostra
666 708 964 751 ordinauerunt
981 707 1208 762 prouincia,
1228 720 1333 762 quos
1353 720 1428 749 nos
1450 707 1782 761 conprehendere

260 794 339 823 non
372 782 659 835 potueramus,
692 781 734 821 et
764 779 975 821 miseruut
1006 778 1057 820 ad
1089 790 1166 821 nos
1199 780 1241 820 et
1273 778 1470 821 diaconos
1504 780 1546 820 et
1582 777 1782 833 hypodia-

262 864 402 902 conos,
437 863 541 905 quos
575 850 841 904 suscepimus
875 862 971 892 cum
1011 849 1156 906 gratia.
1196 851 1239 891 et
1273 849 1366 903 ipse
1405 849 1650 891 cohortatus
1688 861 1783 892 sum

262 923 407 964 beatae
428 921 653 963 memoriae
678 921 897 963 Philonem
925 921 1170 974 episcopum
1197 922 1239 963 et
1264 923 1457 963 sanctum
1476 920 1784 975 Theopropum‚

264 995 313 1035 ut
343 992 531 1035 ecclesiis
560 991 696 1046 Cypri,
722 1005 829 1045 quae
859 991 975 1034 iuxta
1007 1005 1051 1034 se
1085 994 1212 1043 erant,
1239 991 1291 1033 ad
1321 1004 1439 1033 meae
1470 993 1611 1033 autem
1642 1003 1786 1044 paroe-

266 1063 351 1105 ciae
382 1062 633 1104 uidebantur
665 1061 894 1104 ecclesiamv
918 1061 1140 1116 pertinere,
1175 1074 1222 1104 eo
1256 1061 1367 1116 quod
1401 1061 1567 1116 grandis
1600 1062 1713 1103 esset
1743 1063 1788 1103 et
1841 1059 1846 1065 ’

264 1134 348 1175 late
367 1135 517 1187 patens
534 1132 763 1187 prouincia,
785 1132 1023 1175 ordinarent
1045 1133 1313 1188 presbyteros
1340 1135 1382 1174 et
1401 1131 1559 1174 Christi
1584 1131 1786 1174 ecclesiae

266 1203 544 1258 prouiderent.
583 1215 814 1257 numquam
853 1204 994 1246 autem
1027 1216 1103 1259 ego
1143 1203 1334 1246 ordinaui
1366 1202 1623 1246 diaconissas
1656 1205 1699 1245 et
1736 1202 1788 1245 ad

267 1275 424 1316 alienas
467 1274 565 1316 misi
608 1273 847 1327 prouincias
887 1287 1023 1328 neque
1066 1274 1148 1316 feci
1194 1274 1436 1328 quidquam,
1474 1275 1523 1316 ut
1565 1273 1788 1315 ecclesiam
1860 1278 1862 1280 ’

269 1345 510 1387 scinderem.
543 1344 646 1398 quid
678 1357 775 1400 ergo
809 1345 889 1387 tibi
921 1345 1063 1388 uisum
1096 1347 1162 1387 est
1193 1345 1254 1387 sic
1287 1344 1474 1400 grauiter
1508 1344 1788 1386 intumescere

270 1419 313 1458 et
341 1416 487 1457 iactari
520 1417 661 1458 contra
687 1427 763 1457 nos
788 1418 868 1470 ‘pro
902 1428 1024 1469 opere
1057 1415 1137 1467 dei,
1164 1415 1275 1469 quod
1306 1415 1349 1456 in
1381 1414 1714 1457 aedificationem
1747 1417 1790 1457 et

269 1500 350 1528 non
381 1486 423 1527 in
456 1486 784 1528 destructionem
814 1486 991 1528 fratrum
1023 1487 1183 1528 factum
1223 1488 1316 1529 est?
1349 1485 1422 1527 sed
1454 1487 1497 1527 et
1526 1485 1634 1527 illud
1662 1485 1790 1528 uehe-

270 1559 430 1598 menter
454 1557 683 1599 admiratus
711 1570 820 1607 sum,
847 1557 958 1611 quod
988 1557 1094 1599 meis
1126 1558 1295 1609 locutus
1329 1569 1372 1598 es
1405 1556 1567 1598 clericis
1594 1556 1790 1609 adserens
1863 1551 1865 1554 ⁴

272 1631 314 1670 te
348 1641 420 1682 per
452 1629 644 1670 sanctum
676 1628 965 1682 presbyterum
1000 1630 1041 1669 et
1071 1628 1262 1669 abbatem
1301 1627 1600 1670 monachorum
1634 1626 1791 1683 Grego-
1859 1632 1862 1637 '

272 1699 380 1740 rium
418 1698 640 1757 mandasse
676 1699 796 1751 mihi,
830 1706 881 1740 ne
920 1711 1174 1753 quemquam
1219 1698 1466 1749 ordinarem,
1505 1701 1548 1739 et
1591 1710 1668 1752 ego
1711 1698 1791 1741 hoc

272 1770 488 1824 pollicitus
509 1769 587 1811 sim
609 1769 770 1812 dicens:
786 1770 1005 1824 ‘numquid
1026 1770 1192 1812 iuuenis
1208 1782 1302 1811 sum
1317 1771 1391 1811 aut
1405 1781 1581 1811 canones
1601 1769 1792 1824 ignoro?

274 1841 369 1882 audi
401 1840 532 1895 igitur
557 1840 780 1882 ueritatem
804 1840 847 1882 in
881 1853 1071 1882 sermone
1104 1840 1186 1890 dei,
1212 1853 1280 1882 me
1311 1840 1390 1882 hoc
1422 1852 1497 1881 nec
1524 1839 1693 1881 audisse
1718 1851 1794 1880 nec
1857 1835 1862 1840 ”

274 1923 397 1952 nosse
428 1923 502 1952 nec
534 1911 659 1953 istius
692 1911 896 1953 sermon-is
928 1911 1096 1965 penitus
1128 1910 1348 1953 recordari.
1382 1910 1625 1965 suspicatus
1651 1912 1793 1952 autem
1862 1915 1864 1917 ’

275 1993 383 2031 sum,
410 1994 458 2023 ne
490 1981 666 2024 forsitan
698 1982 808 2023 inter
832 1981 967 2023 multa
994 1981 1114 2035 quasi
1145 1982 1270 2024 homo
1305 1981 1462 2024 oblitus
1496 1994 1646 2031 essem,
1674 1983 1716 2023 et
1740 1981 1792 2023 ob

396 2143 437 2176 15
465 2142 507 2177 cf.
535 2141 572 2176 11
597 2141 677 2178 Cor.
705 2142 760 2185 10,
785 2142 819 2177 8.
847 2143 902 2188 13,
930 2143 973 2178 10
1047 2143 1090 2177 21
1119 2142 1165 2178 cf.
1188 2143 1265 2178 Ioh.
1295 2143 1349 2187 17,
1378 2143 1420 2177 17

325 2237 341 2270 1
370 2235 617 2270 ordinaueram
644 2235 674 2270 S
814 2237 1018 2281 paroeciam
1052 2239 1100 2280 (m
1132 2241 1224 2282 exp.)
1256 2238 1291 2272 A
1322 2237 1531 2283 parroechia
1561 2240 1595 2282 (e
1627 2241 1733 2281 eras.)
1760 2237 1796 2271 Β

276 2294 464 2339 parrochia
488 2294 518 2329 S
636 2296 656 2328 2
683 2295 743 2340 sit]
771 2298 856 2329 sunt
880 2296 916 2330 A
1072 2296 1160 2341 cipri
1185 2295 1290 2330 ABS
1429 2298 1452 2331 4
1484 2296 1705 2331 comunionis
1730 2294 1799 2332 BS

277 2354 298 2387 5
325 2364 442 2397 conpr.
469 2364 534 2387 om.
562 2353 593 2387 S
662 2355 683 2388 6
709 2356 912 2398 poteramus
936 2366 961 2399 g
1034 2355 1099 2390 alt.
1126 2356 1163 2389 et
1188 2365 1255 2391 om.
1280 2366 1305 2399 ς
1386 2354 1494 2401 ypod,
1519 2354 1550 2390 S
1570 2354 1700 2400 yppod.
1720 2354 1797 2390 AD

277 2411 582 2456 ipododiachonos
609 2412 667 2455 (do
695 2414 786 2457 exp.)
813 2414 850 2448 B
900 2415 918 2448 7
947 2416 1057 2449 coort.
1082 2414 1188 2449 Ba.c.
1216 2413 1350 2450 cohart.
1376 2415 1412 2449 A
1439 2415 1548 2449 coart.
1573 2414 1612 2448 D
1659 2414 1680 2449 8
1706 2413 1794 2459 phy-

276 2470 395 2504 lonem
421 2470 449 2504 S
555 2473 767 2516 teopropum
794 2472 829 2506 A
856 2472 1091 2517 theoprobum
1116 2472 1152 2506 B
1249 2473 1270 2508 9
1295 2473 1331 2507 in
1358 2473 1441 2508 eccl.
1465 2484 1490 2517 g
1585 2471 1673 2517 cipri
1699 2471 1798 2506 ABS

277 2528 483 2573 parroechie
509 2529 544 2562 Β
570 2530 775 2574 parrochiae
802 2530 831 2564 S
916 2532 958 2566 10
985 2542 1061 2566 esse
1086 2531 1162 2565 AD
1248 2532 1288 2566 11
1315 2532 1500 2577 prouincie
1523 2531 1563 2566 D
1637 2531 1680 2565 14
1704 2530 1797 2566 scin-

280 2587 398 2622 derem
426 2588 514 2629 (scin
540 2588 581 2621 in
605 2599 679 2623 ras.
706 2590 781 2632 m2)
806 2589 841 2623 B
1009 2591 1076 2625 uis.
1109 2601 1138 2624 e.
1172 2591 1222 2625 sic
1254 2591 1322 2636 gr.]
1354 2593 1426 2624 tam
1459 2602 1511 2636 gr.
1536 2591 1602 2624 uis.
1631 2600 1660 2624 e.
1687 2589 1737 2623 sic
1762 2588 1798 2622 Β

278 2646 346 2680 uis.
374 2647 442 2690 est]
469 2645 613 2681 uidetur
639 2646 669 2681 S
737 2648 778 2681 16
806 2647 1049 2683 destructione
1075 2649 1151 2684 AD
1225 2650 1267 2684 17
1295 2650 1502 2684 ammiratus
1528 2648 1595 2683 BS
1666 2648 1708 2683 18
1734 2647 1796 2682 ab·

278 2705 360 2739 bam
380 2705 456 2740 AD
530 2705 573 2740 19
599 2716 644 2740 ne
671 2707 828 2751 quemq]
856 2718 1008 2752 nequaq.
1037 2707 1066 2742 S
1090 2710 1130 2742 ut
1154 2718 1307 2752 nequaq.
1327 2708 1497 2744 Ba.c.m2
1521 2709 1562 2742 ut
1586 2718 1631 2742 ne
1657 2716 1799 2752 quemq-

280 2763 445 2808 Bp.c.m2
516 2765 561 2798 20
587 2764 669 2809 sim]
694 2775 769 2799 sum
798 2764 863 2798 RS
939 2767 1031 2811 sum]
1056 2777 1176 2801 sumus
1201 2766 1347 2802 Aa.c.D
1420 2766 1564 2801 canonis
1589 2766 1800 2801 Aa.c.m2D

280 2822 324 2856 22
352 2824 554 2867 suspicatur
579 2824 749 2858 Aa.c.m2
869 2835 945 2858 sum
975 2827 1091 2859 autem
1119 2824 1150 2860 S
1172 2836 1247 2860 sum
1275 2825 1311 2859 Β
1412 2826 1457 2860 23
1484 2825 1527 2860 ob
1555 2825 1622 2860 hac
1647 2826 1681 2859 A
1706 2825 1800 2860 hanc
1859 2823 1866 2831 ”

281 2881 387 2914 obB
