1884 3254
231 277 318 319 556
777 272 929 308 Sancti
955 270 1207 315 Hieronymi

229 403 444 453 Lazarum,
476 414 599 455 quem
630 401 962 443 resurrecturum
993 399 1209 459 nouerant,
1241 399 1296 448 et,
1333 399 1384 440 ut
1413 409 1536 440 ueros
1567 397 1750 441 hominis

230 473 479 526 exprimeret
509 471 699 521 affectus,
736 469 828 524 ipse
859 468 1046 511 saluator
1075 467 1272 521 plorauit,
1311 479 1437 522 quem
1467 467 1750 510 suscitaturus

231 545 350 584 erat?
373 542 591 596 apostolus
629 551 794 594 quoque
832 538 937 591 eius,
975 537 1049 592 qui
1087 537 1262 580 dixerat:
1307 537 1465 592 cupio
1510 536 1751 580 dissolui

230 615 280 655 et
312 625 430 655 esse
468 611 825 654 eum-Christo
871 611 913 651 et
944 608 1064 650 alibi:
1103 608 1233 650 mihi
1273 608 1462 650 uiuere
1495 606 1749 651 Christus

231 686 312 724 est
344 684 392 724 et
424 681 555 724 mori
580 681 802 731 luorum,
835 679 990 735 gratias
1017 678 1118 733 agit,
1145 677 1257 732 quod
1281 678 1498 732 Epaphras
1525 677 1575 720 de
1599 678 1748 721 mortis

230 753 310 794 sibi
335 752 491 794 uicinia
514 751 703 794 redditus
729 750 798 801 sit,
829 762 880 792 ne
906 749 1079 792 haberet
1109 749 1329 792 tristitiam
1360 761 1488 803 super
1516 748 1751 799 tristitiam,

228 836 307 866 non
338 821 645 865 incredulitatis
676 823 808 871 metu,
840 819 913 863 sed
945 819 1153 862 desiderio
1187 818 1387 862 caritatis.
1428 821 1583 873 quanto
1613 819 1752 874 magis

228 895 288 943 tu,
322 895 363 935 et
388 892 624 935 auunculus
652 893 695 933 et
719 891 958 946 episcopus,
985 890 1064 933 hoe
1091 891 1157 933 est
1181 891 1223 932 et
1246 889 1289 931 in
1316 902 1439 932 carne
1464 891 1508 932 et
1529 889 1572 931 in
1597 889 1750 944 spiritu

227 966 355 1018 pater,
393 976 491 1006 aues
528 963 692 1005 uiscera
727 965 800 1004 tua
839 964 879 1004 et
917 961 1040 1015 quasi
1069 967 1100 1003 'a
1136 963 1178 1003 te
1216 960 1385 1002 diuulsa
1422 961 1630 1015 suspiras!
1675 960 1751 1003 sed

228 1034 414 1085 obsecro,
439 1037 488 1076 ut
511 1033 683 1075 modum
707 1032 906 1074 adhibeas
932 1032 975 1074 in
1001 1031 1143 1074 dolore
1170 1043 1329 1074 memor
1352 1030 1469 1073 illius
1494 1030 1746 1073 sententiae:

232 1117 282 1147 ne
323 1104 422 1158 quid
462 1104 601 1150 nimis’
640 1103 910 1158 obligatoque
929 1114 1171 1156 parumper
1206 1101 1383 1144 uulnere
1420 1100 1566 1144 audias
1601 1100 1749 1144 laudes
1775 1132 1786 1143 .

228 1175 332 1226 eius,
364 1175 484 1217 cuius
516 1187 681 1229 semper
710 1173 869 1216 uirtute
899 1173 1083 1215 laetatus
1109 1185 1166 1224 es,
1197 1184 1272 1215 nee
1297 1171 1454 1223 doleas,
1485 1171 1599 1225 quod
1621 1171 1749 1215 talem

227 1245 432 1296 amiseris,
469 1244 544 1304 sed
576 1244 773 1300 gaudeas,
812 1243 924 1298 quod
954 1243 1082 1286 talem
1114 1242 1325 1294 habueris,
1364 1244 1407 1284 et
1437 1242 1549 1285 sieut
1578 1241 1636 1293 hi,
1677 1241 1750 1296 qui

225 1315 267 1357 in
298 1315 416 1358 breui
448 1315 602 1357 tabella
626 1317 830 1357 terrarum
857 1314 965 1356 situs
991 1314 1183 1368 pingunt,
1214 1312 1275 1355 ita
1298 1313 1341 1354 in
1366 1324 1496 1367 paruo
1522 1313 1604 1355 isto
1630 1311 1751 1356 uolu-

226 1385 335 1428 mine
355 1397 496 1427 cernas
517 1385 777 1435 adumbrata,
797 1396 878 1427 non
893 1396 1087 1437 expressa
1099 1383 1221 1438 signa
1232 1384 1441 1426 uirtutum
1456 1375 1747 1437 suseipiasque

227 1469 251 1498 a
281 1456 401 1499 nobis
433 1469 513 1498 non
544 1455 671 1503 uires,
707 1455 779 1497 sed
811 1456 1088 1497 uoluntatem.

287 1527 324 1568 8.
355 1526 584 1580 Praecepta
616 1527 715 1567 sunt
738 1525 967 1576 rhetorum,
999 1527 1048 1567 ut
1073 1524 1251 1567 maiores
1279 1524 1383 1575 eius,
1416 1524 1485 1578 qui
1509 1523 1746 1567 laudandus

227 1598 304 1646 est,
349 1598 392 1638 et
427 1609 571 1639 eorum
608 1595 734 1638 altius
773 1597 893 1651 gesta
927 1597 1168 1650 repetantur
1211 1595 1356 1649 sieque
1400 1595 1452 1637 ad
1491 1595 1631 1648 ipsum
1673 1606 1748 1649 per

227 1666 382 1722 gradus
415 1679 551 1709 sermo
589 1666 819 1720 perueniat,
858 1673 938 1720 quo
971 1665 1171 1708 uidelicet
1202 1665 1329 1708 auitis
1359 1665 1626 1720 paternisque
1663 1665 1746 1708 uir·

343 1829 364 1863 2
397 1829 441 1864 cf.
472 1828 549 1864 1011.
583 1828 638 1870 11,
670 1829 715 1863 35
811 1829 832 1864 3
862 1828 977 1863 *Pha
1011 1829 1044 1872 1,
1076 1828 1120 1863 23
1241 1828 1265 1863 4
1295 1828 1387 1863 Phil.
1422 1827 1453 1872 1,
1484 1827 1528 1863 21
1568 1846 1571 1848 -
1645 1807 1677 1862 5'
1698 1826 1743 1862 cf.

227 1889 317 1923 Phil.
345 1890 377 1932 2,
404 1889 447 1923 27

272 1971 290 2006 1
319 1981 424 2016 quam
453 1971 485 2004 Φ
579 1981 684 2005 uerus
713 1970 787 2006 GD
881 1970 1044 2005 homines
1070 1969 1147 2005 ΚΦ
1171 1969 1376 2005 hominibus
1404 1969 1439 2006 G
1523 1970 1545 2004 2
1571 1969 1743 2016 exprime·

223 2031 321 2064 retur
349 2029 422 2064 GD
537 2029 654 2075 quem]
682 2029 743 2074 qui
768 2029 938 2073 Dp.c.m2
1052 2040 1182 2064 resusc.
1207 2028 1413 2073 Dp.c.m2B
1507 2028 1530 2063 3
1556 2027 1685 2063 dixerit
1713 2028 1745 2062 Φ

225 2087 313 2122 dixit
335 2099 360 2132 g
437 2087 458 2122 5
485 2086 624 2132 epafras
654 2087 722 2121 ΦΒ
747 2086 870 2132 epafra
899 2087 934 2122 G
959 2086 1126 2133 ephafras
1152 2086 1305 2132 Kpmffl
1327 2085 1519 2132 dephafras
1542 2084 1743 2127 Ka.r.,‘?21

149 2144 153 2148 “
223 2147 244 2181 6
270 2146 388 2181 uicina
417 2147 669 2190 ‹DQBamne
745 2145 909 2181 redditur
937 2145 972 2181 G
1049 2147 1098 2181 sit
1123 2156 1191 2181 om.
1220 2144 1340 2181 GKY'
1409 2146 1430 2181 7
1457 2144 1681 2181 credulitatis
1709 2144 1744 2180 G

222 2205 352 2239 metuis
378 2205 422 2239 ed
447 2205 508 2248 (ed
532 2205 572 2239 in
590 2215 665 2240 ras.
691 2206 767 2248 m2)
793 2204 837 2239 K
858 2206 995 2239 metum
1023 2203 1086 2239 sed
1112 2203 1147 2240 21
1218 2204 1241 2239 8
1267 2208 1346 2240 tert.
1374 2206 1411 2239 et
1434 2215 1463 2239 s.
1490 2205 1514 2239 l.
1539 2203 1590 2248 K,
1616 2214 1684 2239 om.
1708 2203 1743 2238 'P

217 2274 275 2307 pr.
302 2264 340 2297 in
364 2274 431 2298 om.
462 2264 494 2297 Φ
601 2264 666 2298 alt.
692 2264 730 2298 in
755 2274 823 2299 om.
853 2262 887 2298 G
983 2263 1004 2298 9
1030 2265 1135 2309 pater
1159 2265 1197 2298 et
1222 2262 1420 2298 abunculus
1449 2262 1485 2298 G
1597 2272 1683 2297 aues
1711 2263 1744 2296 Φ

222 2320 347 2364 (habes
378 2323 454 2364 m2)
481 2321 517 2356 B
547 2322 659 2356 habes
684 2321 766 2356 KP
797 2321 896 2356 doles
925 2321 999 2357 GD
1029 2321 1130 2357 doles
1156 2322 1281 2357 abesse
1305 2333 1340 2366 ς,
1366 2321 1384 2357 ⁸?
1409 2319 1444 2357 Ἡ
1593 2319 1744 2356 deuulsa

222 2378 341 2413 ΚΦΨ
363 2378 479 2414 diuisa
497 2379 546 2423 D,
572 2379 589 2413 ⁴?
608 2378 643 2415 521
717 2380 760 2415 10
785 2380 935 2425 memor]
963 2380 1078 2414 omnis
1103 2380 1210 2415 homo
1234 2380 1270 2414 in
1297 2379 1418 2415 dolore
1443 2378 1582 2425 positus
1605 2389 1742 2414 memor

222 2438 271 2471 sit
295 2438 330 2471 Γ
419 2438 527 2482 sent.]
556 2437 642 2472 add.
669 2449 739 2482 qua
765 2437 897 2473 dicitur
919 2438 956 2472 B
1007 2438 1047 2473 11
1077 2438 1172 2483 quod
1201 2438 1233 2472 Φ
1283 2438 1326 2473 12
1352 2447 1397 2472 ne
1425 2437 1459 2472 G
1530 2447 1594 2472 nec
1621 2436 1740 2472 dol.—

220 2494 318 2539 hab.]
345 2495 401 2530 uir
425 2496 579 2540 sapiens,
605 2495 746 2540 quando
773 2494 885 2530 filium
911 2496 1024 2531 bonae
1051 2495 1182 2531 indolis
1208 2495 1356 2540 amittit,
1388 2506 1460 2530 non
1485 2493 1618 2539 doleat,
1644 2493 1739 2540 quod

220 2554 331 2588 talem
362 2552 571 2599 perdiderit,
604 2553 666 2589 sed
699 2553 820 2589 doleat
846 2559 938 2598 (exp.
964 2565 991 2589 s.
1019 2555 1041 2589 l.
1068 2557 1130 2589 m2
1155 2553 1342 2599 gaudeat),
1367 2552 1463 2599 quod
1487 2552 1598 2588 talem
1622 2552 1738 2588 habu·

221 2612 290 2646 erit
314 2613 349 2646 Γ
452 2613 496 2647 13
522 2612 782 2648 amis.—talem
806 2623 832 2647 s.
861 2614 883 2648 l.
909 2613 1022 2655 m2K,
1048 2624 1116 2649 om.
1148 2613 1185 2648 P
1279 2613 1323 2647 14
1348 2612 1407 2647 sit.
1433 2614 1517 2647 terr,
1545 2611 1580 2647 G
1686 2611 1740 2646 ita

221 2672 258 2704 et
281 2671 318 2704 in
349 2670 383 2704 Ψ
480 2671 523 2705 15
550 2670 723 2706 adornata
752 2670 1013 2712 G¹I¹‚Ka.c.m2
1109 2670 1265 2716 expressi
1290 2671 1432 2716 signum
1462 2671 1494 2704 Φ
1585 2670 1626 2705 17
1650 2668 1739 2705 haee

219 2739 333 2773 praec.
359 2728 398 2762 D
422 2739 438 2762 s
463 2728 561 2774 (del.)
588 2739 704 2774 praec.
731 2727 765 2764 91
850 2728 941 2764 rhet.
967 2728 1002 2764 Ἡ
1027 2729 1118 2764 reth.
1145 2733 1209 2765 eet.
1294 2731 1335 2763 ut
1360 2739 1427 2764 om.
1456 2727 1490 2763 G
1564 2727 1608 2762 18
1633 2729 1738 2773 gesta

221 2786 282 2821 alt.
300 2798 323 2830 g
396 2787 471 2831 alt.]
498 2787 650 2832 amplius
674 2787 742 2821 ΦΒ
814 2787 932 2832 sitque
956 2787 989 2823 G
1062 2798 1125 2833 per
1149 2787 1249 2833 grad.
1269 2798 1337 2823 om.
1361 2786 1395 2822 G
1446 2787 1488 2821 19
1509 2785 1604 2832 quod
1623 2784 1741 2821 §KRP

219 2844 352 2878 habitis
381 2845 413 2879 G
510 2846 683 2880 uirtutum
713 2847 744 2880 Φ
