1884 3254
649 260 859 305 Epistula
883 260 997 296 LXVI
1022 261 1114 297 6—7
1565 266 1650 306 655

125 392 366 432 sanctorum
406 402 558 432 corona
589 403 668 432 non
701 391 869 433 transit:
908 403 986 446 ego
1020 393 1062 434 et
1092 391 1132 434 in
1166 391 1494 446 praesentiarum
1527 392 1650 435 uideo

124 460 332 514 promissa
357 460 553 514 conpleri.
581 463 804 514 antequam
832 461 999 504 Christo
1025 464 1116 505 tota
1139 464 1278 505 mente
1305 463 1493 515 seruiret,
1525 465 1651 506 notus

125 532 278 574 eratin
305 533 465 581 senatu,
494 531 569 573 sed
594 534 636 573 et
662 532 784 573 multi
811 532 882 573 alii
909 532 1119 575 habebant
1141 533 1297 575 infulas
1318 534 1651 588 proconsulares,

122 603 240 644 totus
278 602 392 644 orbis
430 602 607 644 huiusce
645 602 758 644 modi
796 602 1023 645 honoribus
1062 603 1209 657 plenus
1241 606 1317 646 est.
1353 604 1516 658 primus
1547 607 1650 656 erat,

124 672 195 715 sed
240 673 351 714 iuter
391 672 567 727 prim0s3
612 672 890 726 praecedebat
931 673 1036 716 alios
1080 674 1299 729 digmitate,
1342 674 1417 717 sed
1460 677 1502 716 et
1545 675 1650 718 alios

123 743 390 798 sequebatur.
431 744 624 797 quamuis
663 744 800 786 clarus
839 744 971 787 honor
1005 744 1178 787 uilescit
1215 745 1256 787 in
1297 745 1421 787 turba
1459 748 1502 788 et
1538 747 1650 799 apud

121 814 253 857 bonos
285 814 402 857 uiros
431 814 603 869 indigna
634 814 726 869 ipsa
757 814 805 857 fit
835 815 1033 870 dignitas,
1066 828 1191 870 quam
1218 815 1343 858 multi
1367 816 1530 872 indigni
1554 830 1649 870 pos-

122 884 272 927 sident.
321 885 427 928 unde
471 886 638 940 egregie
677 886 727 928 de
766 885 943 928 Caesare
981 886 1167 929 Tullius:
1201 886 1331 928 dum
1376 887 1646 941 quosdam,

122 955 194 1007 ait,
240 969 427 998 ornare
464 956 659 1007 uoluit,
698 969 795 999 non
834 957 965 999 illos
1005 957 1337 1008 honestauit‚
1377 958 1469 1000 sed
1507 970 1647 1000 orna-

121 1030 296 1069 menta
338 1027 457 1081 ipsa
500 1028 761 1081 tul-pauit.
811 1031 853 1070 at
895 1040 1006 1070 nunc
1049 1041 1194 1071 omnes
1239 1028 1397 1071 Christi
1445 1029 1647 1072 ecclesiae

9 1112 11 1121 ’
40 1150 46 1158 ·
118 1097 438 1140 Pammachium
461 1099 705 1152 loquuntur.
723 1099 900 1141 miratur
925 1099 1037 1142 orbis
1063 1111 1303 1153 pauperem,
1325 1112 1449 1154 quem
1476 1099 1558 1142 huc
1578 1112 1644 1142 us·

118 1182 199 1224 que
226 1169 401 1211 diuitem
427 1169 651 1212 nesciebat.
679 1170 780 1224 quid
805 1170 1028 1212 consulatu
1054 1170 1306 1213 inlustrius?
1333 1183 1494 1212 annuus
1514 1170 1647 1213 honor

119 1242 187 1282 est
231 1243 285 1292 et,
327 1242 552 1294 postquam
595 1241 704 1283 alius
749 1241 1015 1292 successerit,
1059 1241 1171 1294 prior
1213 1241 1390 1283 desinet.
1435 1241 1569 1284 latent
1603 1241 1645 1283 in

118 1311 391 1353 multitudine
424 1312 592 1353 laureae
623 1314 666 1353 et
695 1312 901 1366 triumphi
932 1311 1142 1353 interdum
1174 1311 1527 1366 triumphantium
1559 1324 1646 1354 sor·

120 1381 244 1424 dibus
288 1382 546 1435 polluuntur.
591 1382 703 1436 quod
746 1384 841 1424 ante
879 1395 953 1437 per
988 1395 1139 1424 manus
1178 1381 1365 1437 patriciis
1402 1382 1647 1425 tradebatur

119 1455 161 1495 et
204 1453 294 1495 sola
337 1452 536 1495 nobilitas
580 1452 838 1506 possidebat,
882 1466 965 1507 quo
1009 1453 1184 1503 MariuS,
1228 1453 1366 1495 uictor
1404 1452 1643 1504 Numidiae,

117 1524 356 1566 Teutonum
387 1526 514 1578 atque
541 1523 826 1575 Cimbrorum,
854 1524 906 1566 ob
937 1524 1170 1572 nouitatem
1201 1523 1385 1566 familiae
1417 1524 1646 1578 putabatur

116 1594 329 1650 indignus,
374 1594 485 1648 quod
522 1593 666 1648 Scipio
702 1596 814 1637 ultra
851 1607 980 1638 annos
1018 1608 1092 1650 pro
1129 1595 1290 1637 uirtute
1327 1594 1496 1645 meruit,
1533 1607 1644 1637 nunc

36 1652 40 1655 ’
116 1666 207 1708 sola
257 1665 410 1707 militia
456 1665 648 1720 possidet
711 1668 753 1708 et
809 1665 992 1720 agrestia
1040 1665 1200 1708 dudum
1251 1678 1425 1720 corpora
1474 1666 1643 1721 fulgens

115 1736 300 1791 palmata
349 1735 593 1779 circumdat.
647 1736 744 1790 plus
795 1749 892 1791 ergo
943 1737 1198 1791 accepimus,
1256 1750 1379 1790 quam
1433 1736 1642 1779 dedimus.

235 1889 256 1923 8
283 1888 419 1932 Cicero,
446 1887 574 1934 fragm.
600 1887 679 1923 libr.
707 1888 776 1923 inc,
802 1888 847 1923 38
873 1888 922 1933 (p.
948 1888 1034 1934 410)
1061 1887 1099 1924 C.
1124 1887 1165 1923 F.
1192 1887 1246 1922 W.
1273 1887 1427 1923 Mueller

164 1972 181 2006 1
212 1974 250 2006 et
274 1982 342 2006 om.
367 1971 402 2006 A
494 1971 616 2016 uideo]
644 1971 730 2006 add.
757 1973 961 2006 sanctorum
985 1982 1010 2015 ς
1080 1971 1103 2006 2
1130 1970 1307 2016 complere
1332 1970 1369 2005 Β
1457 1969 1550 2015 tota]
1578 1968 1641 2004 de-

36 2026 43 2039 *
114 2033 202 2066 uota
226 2031 266 2065 D
409 2031 431 2066 3
458 2032 495 2066 et
520 2041 588 2065 om.
613 2041 638 2075 ς
769 2030 891 2066 multis
917 2030 997 2065 aliis
1023 2029 1106 2064 K'I'
1222 2029 1381 2064 habebat
1404 2027 1640 2070 KP‚Affia.c.

112 2089 250 2124 insulas
274 2101 298 2134 ς
410 2090 682 2136 proconsulares
705 2089 789 2130 G‚A
816 2093 853 2131 (u
879 2099 923 2125 ex
948 2100 967 2124 o
993 2091 1071 2133 m2)
1096 2089 1163 2124 -ris
1189 2092 1250 2124 cet.
1372 2088 1394 2123 5
1414 2099 1472 2132 pr.
1499 2087 1575 2134 sed]
1604 2091 1641 2123 et

113 2148 364 2193 KprBaae„
389 2160 457 2184 om.
482 2149 519 2183 A
638 2148 773 2194 primos
798 2159 842 2184 em
867 2148 990 2194 primis
1015 2148 1049 2186 ffi
1171 2156 1230 2192 pr.
1258 2147 1349 2182 alius
1379 2147 1454 2182 GD
1574 2147 1640 2182 alt.

112 2208 206 2243 alius
229 2207 303 2243 GD
351 2208 373 2242 6
392 2208 508 2243 honor
526 2208 603 2253 uil.]
625 2207 845 2243 honorabilis
866 2210 903 2242 et
921 2207 960 2242 D
1015 2208 1034 2242 7
1055 2207 1152 2242 uiros
1171 2207 1284 2242 bonos
1310 2205 1348 2241 Ψ
1417 2203 1599 2252 indignior
1617 2218 1641 2251 S

112 2267 154 2302 fit
178 2267 256 2313 ipsa
285 2268 319 2303 G
391 2267 471 2313 ipsa
496 2278 562 2302 om.
581 2267 617 2302 B
690 2267 738 2302 sit
757 2267 793 2301 B
865 2266 1014 2311 indigne
1033 2277 1077 2302 ex
1102 2277 1213 2310 -gnae
1237 2266 1336 2301 m21⁷
1379 2265 1401 2300 8
1427 2265 1522 2300 unde
1549 2266 1586 2300 ct
1606 2266 1640 2299 A

111 2337 253 2362 cessare
279 2329 355 2371 (pr.
381 2338 397 2362 s
422 2328 528 2372 eras.)
555 2328 590 2361 A
663 2325 762 2371 dum]
790 2337 867 2361 cum
894 2325 933 2360 D
994 2326 1039 2361 10
1062 2325 1226 2360 turbauit
1250 2324 1394 2360 Aa.c.B
1467 2326 1504 2359 at
1529 2324 1638 2368 nunc]

112 2385 230 2421 adhue
255 2388 290 2422 A
364 2388 402 2421 at
426 2386 568 2431 QpeB
593 2386 638 2420 ad
668 2385 858 2430 GKfflaae.
885 2388 921 2420 et
951 2385 995 2429 Ψ,
1022 2395 1091 2420 om.
1115 2384 1155 2419 D
1229 2384 1269 2419 11
1298 2384 1403 2419 orbes
1428 2383 1468 2418 D
1492 2382 1575 2418 urbs
1605 2382 1639 2418 G

114 2445 158 2479 12
183 2445 397 2480 nesciebant
420 2445 460 2480 D
557 2445 604 2480 13
629 2444 729 2490 prius
754 2444 793 2479 D
889 2443 1025 2478 desinit
1049 2442 1128 2479 239¹
1219 2443 1336 2478 latent
1359 2453 1404 2478 ex
1428 2442 1577 2477 latentis
1604 2443 1638 2476 A

114 2504 158 2540 14
181 2503 415 2540 multitudine
441 2504 480 2539 D
575 2504 697 2539 laurea
725 2504 759 2539 G
834 2503 877 2538 15
904 2502 1074 2548 patricias
1098 2501 1132 2540 ὃ
1228 2501 1467 2538 tradebantur
1494 2501 1527 2537 G
1553 2502 1633 2547 (seq.

111 2575 146 2598 m
172 2569 277 2605 eras.)
401 2564 444 2598 16
471 2563 566 2610 quod
592 2563 651 2608 Ἑρ
667 2563 749 2607 αψ,
776 2573 842 2598 om.
869 2562 907 2598 D
1027 2561 1175 2606 Marius]
1203 2561 1424 2596 consularius
1449 2561 1489 2596 D
1514 2561 1638 2596 consul

31 2624 33 2626 ’
110 2623 244 2658 marius
268 2634 293 2668 g
363 2622 526 2658 numidia
552 2625 588 2658 et
614 2622 731 2657 K’I'B
756 2621 938 2656 numidiae
964 2623 1001 2656 et
1026 2621 1064 2656 D
1138 2621 1180 2655 17
1208 2622 1384 2656 teutonon
1409 2620 1446 2654 A
1471 2623 1634 2654 euterun·

111 2682 195 2717 Kff‘
216 2682 431 2717 theutonum
455 2693 479 2726 g
589 2681 785 2716 cimborum
810 2680 893 2715 Kw
916 2679 1163 2726 eymbrobrum
1189 2681 1223 2715 A
1321 2681 1358 2714 et
1382 2680 1506 2723 (eras.)
1532 2679 1576 2714 ob
1602 2678 1637 2716 Β

112 2742 156 2776 ob
183 2752 251 2777 om.
277 2741 312 2776 Β
385 2740 612 2776 nobilitatem
639 2742 707 2784 (-te
727 2740 776 2783 Β)
796 2740 871 2774 DB
898 2739 1164 2785 ignobilitatem
1184 2750 1208 2783 ς
1270 2739 1313 2774 18
1334 2737 1459 2783 iscipio
1482 2737 1516 2772 G
1541 2738 1636 2783 cipio

111 2802 217 2836 Aac.
291 2801 422 2836 meruit
446 2811 510 2846 pro
536 2800 671 2834 uirtute
697 2799 780 2834 K¹I¹
856 2799 950 2833 eruit
974 2798 1026 2833 D>
1073 2798 1119 2833 20
1144 2798 1303 2843 palmata
1331 2796 1401 2833 GA
1428 2797 1547 2842 palma
1572 2801 1636 2833 eet.

111 2855 308 2904 accipimus
332 2856 403 2896 Affi
429 2859 629 2904 aecipemus
655 2857 698 2892 K
