1884 3254
110 1016 146 1044 10

111 1369 146 1398 15

1634 183 1638 201 l

702 235 909 281 Epistula
933 235 1050 270 XXXI
1077 237 1167 271 1—3
1607 241 1688 282 251

228 366 267 407 3.
279 365 433 408 Verum
450 388 505 395 -.„
518 377 569 406 ne
583 364 730 406 uidear
744 363 851 406 dona
864 363 1067 406 minuisse
1083 389 1138 394 —
1153 365 1394 418 accepimus
1410 367 1452 407 et
1466 367 1693 408 canistrum

170 436 342 478 cerasiis
377 435 578 478 refertum
617 435 776 477 talibus
815 441 859 476 et
894 437 981 477 tam
1019 435 1216 490 uirginali
1254 436 1506 478 uerecundia
1546 437 1694 479 ruben-

167 507 298 559 tibus,
325 509 374 548 ut
405 519 454 549 ea
483 518 593 548 nunc
626 518 648 547 a
679 506 856 548 Lucullo
890 505 1030 548 delata
1061 506 1353 557 existimarim;
1382 507 1590 562 siquidem
1615 508 1696 549 hoc

169 589 303 633 genus
333 577 448 631 pomi
473 576 607 619 Ponto
641 581 683 619 et
703 568 906 619 'Armenia
932 577 1173 632 subiugatis
1200 577 1250 620 de
1277 577 1508 621 Cerasunto
1533 579 1695 632 primus

168 648 346 691 Romam
378 647 566 703 pertulit,
599 647 709 690 unde
742 650 785 689 et
816 660 837 689 e
862 648 996 702 patria
1023 648 1143 691 arbor
1168 661 1318 691 nomen
1345 649 1521 702 accepit.
1547 650 1693 704 igitur,
1732 656 1753 690 2

170 718 268 773 quia
297 719 340 760 in
366 718 586 772 scripturis
613 718 842 760 canistrum
869 718 959 760 ficis
991 718 1162 772 plenum
1187 719 1384 775 legimus,
1412 720 1570 763 cerasia
1595 732 1694 762 uero

169 802 248 831 non
280 789 533 840 inuenimus‚
565 788 606 830 in
641 801 703 840 eo,
738 801 820 842 quo
853 788 1028 830 allatum
1063 792 1140 840 est,
1173 789 1230 839 id,
1264 790 1377 844 quod
1408 790 1584 833 allatum
1617 794 1695 842 est,

167 859 460 914 praedicamus
502 861 783 914 optamusque
815 862 858 901 te
890 859 940 901 de
972 859 1059 901 illis
1091 861 1229 914 pomis
1267 861 1370 912 fieri,
1410 874 1516 916 quae
1554 863 1698 904 contra

167 931 374 986 templum
403 930 471 973 dei
497 933 596 973 sunt
622 933 664 972 et
690 930 740 974 de
766 930 920 985 quibus
953 930 1057 972 deus
1091 931 1212 973 dicit:
1247 945 1369 985 quae
1402 932 1538 983 bona,
1571 933 1697 975 bona

170 1001 329 1044 ualde.
353 1001 458 1043 nihil
491 1001 647 1055 quippe
681 1000 866 1043 saluator
895 1001 1083 1042 medium
1116 1005 1229 1043 amat
1255 1003 1310 1053 et,
1343 1002 1471 1044 sicuti
1495 1003 1698 1058 frigidum

170 1085 250 1115 non
297 1072 509 1127 refugiens
561 1072 706 1115 calidis
752 1071 998 1122 delectatur,
1042 1072 1103 1114 ita
1144 1073 1311 1126 tepidos
1354 1074 1396 1115 in
1440 1074 1699 1128 Apocalypsi

170 1156 365 1186 euomere
396 1143 507 1186 uelle
539 1156 583 1186 se
608 1144 810 1198 loquitur.
834 1144 946 1186 unde
972 1144 1093 1186 nobis
1121 1144 1348 1187 sollicitius
1373 1145 1696 1199 prouidendum,

169 1216 218 1256 ut
242 1214 489 1258 sollemnem
517 1214 627 1256 diem
652 1228 732 1257 non
758 1217 845 1257 tam
873 1214 1064 1257 ciborum
1090 1215 1344 1258 abundantia
1371 1229 1496 1270 quam
1523 1216 1697 1270 spiritus

171 1284 426 1327 exultatione
459 1285 732 1337 celebremus,
764 1285 862 1339 quia
893 1285 1016 1327 ualde
1050 1286 1279 1328 absurdum
1319 1288 1385 1328 est
1424 1287 1554 1329 nimia
1585 1289 1698 1329 satu-

170 1356 295 1398 ritate
326 1357 527 1399 honorare
559 1356 672 1398 uelle
709 1348 949 1411 martyrem,
983 1370 1109 1411 quem
1147 1357 1332 1399 sciamus
1372 1357 1448 1399 deo
1486 1357 1698 1412 placuisse

169 1426 352 1469 ieiuniis.
386 1427 446 1469 ita
475 1427 553 1477 tibi
586 1439 752 1481 semper
783 1426 1089 1469 comedendum
1111 1429 1200 1484 est,
1232 1430 1281 1470 ut
1319 1428 1460 1470 cibum
1493 1430 1535 1469 et
1566 1428 1697 1471 oratio

171 1502 372 1552 sequatur
403 1500 445 1540 et
476 1498 617 1541 lectio.
638 1491 763 1552 *quod
797 1498 833 1539 si
866 1498 1078 1552 aliquibus
1113 1498 1323 1553 displicet,
1357 1499 1538 1554 apostoli
1569 1499 1699 1541 uerba

172 1571 357 1612 cantato:
392 1569 433 1610 si
478 1569 638 1611 adhuc
682 1569 967 1611 hominibus
1012 1569 1276 1624 placerem,
1322 1568 1515 1612 Christi
1548 1570 1699 1613 ancilla

171 1652 264 1682 non
298 1653 474 1683 essem.

293 1780 314 1815 6
341 1779 384 1814 cf.
411 1779 509 1814 Hier.
535 1779 592 1823 24,
620 1779 637 1814 1
666 1790 743 1825 sqq.
841 1779 862 1814 9
889 1779 1010 1815 *Hien
1036 1780 1093 1823 24,
1118 1779 1140 1814 3
1238 1780 1279 1815 11
1309 1779 1354 1816 cf.
1375 1780 1482 1825 Apoc.
1505 1780 1538 1821 3,
1560 1780 1699 1815 15-7-16

177 1839 219 1874 18
247 1837 326 1874 Gal.
355 1839 385 1883 1,
415 1838 459 1874 10

224 1922 241 1956 1
269 1921 402 1956 donum
430 1921 462 1955 Σ
551 1922 572 1956 2
599 1922 730 1958 cerasis
756 1921 900 1965 FJZ',B
922 1923 982 1966 (ex
1007 1923 1166 1965 cerasus)
1293 1923 1330 1956 et
1353 1921 1442 1966 tam]
1470 1921 1579 1956 etiam
1605 1921 1700 1963 M‚B

138 2006 139 2009 η
173 1981 230 2024 (in
254 1991 327 2016 ras.
353 1983 428 2024 m2)
573 1981 595 2016 3
622 1981 791 2016 extimare
825 1981 908 2024 (alt.
936 1991 954 2015 e
979 1981 1022 2015 in
1045 1991 1119 2015 ras.
1145 1981 1222 2027 m2)
1247 1980 1283 2015 Β
1313 1980 1555 2015 existimarem
1579 1980 1619 2015 F
1642 1982 1701 2024 (em

175 2040 379 2075 existimare
403 2042 491 2084 m2)‚
516 2039 579 2075 ..ΤΣ
674 2041 698 2075 4
723 2041 912 2075 cerasunto
937 2039 988 2074 M
1007 2041 1194 2085 cerasupto
1219 2039 1290 2074 ΕΣ
1311 2049 1432 2074 cerasa
1457 2041 1639 2086 sumptum
1664 2040 1701 2074 Β

174 2111 294 2135 ceraso
322 2101 432 2145 ponto
458 2100 495 2134 Z
518 2094 627 2135 cerea*
645 2101 804 2142 (cesarea
828 2100 904 2142 m2)
930 2101 1037 2134 sunto
1061 2098 1094 2133 J
1184 2099 1335 2145 primum
1363 2097 1398 2132 B
1494 2100 1515 2134 5
1541 2109 1642 2133 roma
1665 2098 1701 2132 B

175 2160 209 2204 e]
237 2158 281 2194 de
304 2170 330 2204 S
389 2159 410 2194 6
437 2158 534 2204 quia]
559 2158 721 2203 spatium
744 2168 905 2193 uacuum
933 2160 1032 2193 6—7
1056 2157 1127 2193 litt.
1146 2158 1188 2192 in
1206 2158 1242 2192 B
1314 2157 1450 2192 cerasia
1476 2156 1559 2191 ΖΜ
1580 2167 1702 2192 cerasa

174 2222 238 2252 cet.
318 2218 339 2251 7
366 2227 435 2262 quo
462 2216 497 2250 Z
521 2215 617 2262 quod
637 2219 700 2251 cet.
791 2226 852 2260 pr.
879 2215 1041 2261 allatum]
1067 2216 1180 2251 altum
1206 2216 1308 2260 Bp.r.
1406 2215 1550 2263 idf-est
1574 2225 1642 2250 om.
1669 2215 1704 2249 Z

176 2277 247 2321 est]
273 2287 344 2311 non
371 2278 426 2311 est
448 2287 473 2321 g
557 2277 579 2311 8
604 2276 740 2321 contra]
767 2276 864 2310 intra
889 2275 924 2309 Z
1001 2276 1022 2310 9
1049 2277 1086 2310 et
1111 2286 1180 2311 om.
1204 2273 1303 2310 ΕΙΣ
1395 2275 1498 2320 quae]
1526 2284 1607 2309 ecce
1632 2274 1703 2309 ZB

177 2336 262 2380 quia
284 2345 309 2380 g
417 2335 480 2370 alt.
506 2334 602 2370 bona
626 2346 694 2370 om.
721 2334 792 2369 ZB
872 2334 916 2370 10
941 2334 1044 2370 salua
1067 2334 1283 2377 Fa.c.m2,2¹
1352 2334 1393 2369 11
1420 2334 1507 2379 non]
1535 2344 1629 2369 eras.
1654 2333 1700 2377 F,

176 2394 245 2429 del.
271 2397 334 2429 m2
357 2395 394 2429 B
488 2393 627 2439 refugit
650 2394 686 2429 Z
786 2393 1008 2439 apocalipsin
1035 2393 1101 2428 ΣΒ
1199 2394 1243 2428 12
1270 2393 1364 2428 uelle
1390 2403 1459 2429 om.
1484 2393 1567 2428 ΜΒ
1663 2404 1701 2427 se

175 2454 337 2499 loquitur
360 2453 402 2488 in
426 2463 501 2488 ras.
525 2454 590 2488 m2
612 2453 649 2488 Β
722 2453 901 2488 sollicitus
919 2453 956 2488 Z
1025 2451 1164 2498 prouid.
1192 2454 1249 2487 est
1266 2452 1303 2487 B
1354 2453 1396 2488 13
1424 2454 1465 2487 ut
1488 2463 1517 2487 s.
1544 2452 1567 2487 l.
1587 2454 1650 2486 m2
1667 2451 1702 2486 B

179 2513 222 2548 15
248 2512 343 2548 uelle
367 2511 451 2547 hon.
474 2523 499 2557 ς
593 2513 686 2548 scias
711 2512 761 2547 M
836 2511 880 2547 16
906 2512 943 2546 in
967 2511 1026 2546 iei.
1052 2511 1102 2546 Μ
1194 2512 1348 2557 semper]
1376 2522 1461 2557 sepe
1485 2511 1521 2545 B
1598 2511 1638 2545 17
1666 2514 1701 2545 et

175 2571 288 2606 leccio
314 2573 486 2617 sequatur
510 2571 547 2606 Β
642 2571 883 2617 subsequatur
907 2571 942 2606 Z
1015 2571 1058 2605 18
1084 2570 1253 2606 ancillam
1279 2570 1314 2604 Z
1387 2570 1429 2606 19
1456 2571 1585 2615 essem]
1614 2568 1701 2604 add.

177 2631 323 2677 explicit
348 2629 394 2666 ad
419 2630 658 2665 euistochium
683 2630 718 2664 Z
