1884 3254
255 234 337 276 142
796 231 948 267 Sancti
974 231 1230 276 Hieronymi

252 361 405 404 ductus
421 374 479 412 es,
494 361 724 403 nouissimo
739 360 917 410 inuidos,
933 372 1007 402 cur
1020 362 1162 403 tecum
1177 359 1406 409 denarium,
1420 359 1463 402 id
1479 362 1544 402 est
1558 360 1776 413 aequalem

252 432 536 486 consequatur
561 431 754 482 salutem,
780 429 882 473 licet
907 430 1056 473 salutis
1081 442 1156 485 pro
1182 429 1325 472 labore
1352 429 1519 472 diuersa
1546 429 1602 471 sit
1626 429 1775 484 gloria.

251 501 395 545 eadem
428 502 477 544 de
509 503 552 544 te
583 501 735 543 tertius
760 502 903 556 potest
934 500 1071 542 dicere
1104 502 1148 542 et
1178 499 1229 543 de
1254 499 1380 543 tertio
1407 512 1575 542 rursum
1599 500 1763 554 primus

191 576 212 611 3
249 585 397 615 uerum
433 572 516 626 ipsi
550 572 660 614 inter
696 583 741 614 se
779 570 832 613 ob
870 583 950 612 non
988 570 1205 625 aequalem
1235 570 1423 613 laborem
1455 572 1498 612 et
1527 569 1777 613 uocationis·

251 643 388 697 spatia
418 642 585 685 diuersa
616 642 790 695 aequale
821 641 1054 694 praemium
1085 640 1265 683 libenter
1296 640 1529 695 accipiunt3
1562 641 1605 682 in
1637 640 1776 683 nouis·
1819 653 1838 682 s

255 713 361 755 simo
398 714 562 755 tantum
603 711 805 766 operario,
843 711 887 752 id
925 713 991 753 est
1027 710 1069 752 in
1109 711 1302 766 gentium
1345 711 1497 762 salute,
1537 710 1781 754 discordant
1882 702 1884 704 ’

255 784 299 825 et
329 781 498 824 domino
530 780 724 823 iniuriam
756 779 918 823 faciunt
949 781 992 822 et
1022 779 1101 822 sub
1134 779 1330 822 omnibus
1361 779 1572 835 parabolis
1598 792 1779 836 arguun-

255 855 326 895 tur
354 851 555 894 inuidiae.

315 924 385 965 42.
404 922 498 965 Non
519 922 701 978 ambigo,
723 921 822 976 quin
847 921 1009 964 inculta
1033 921 1113 964 tibi
1138 923 1306 963 nostrae
1331 920 1557 975 paruitatis
1582 921 1779 964 uideatur

258 993 410 1044 orati03
443 993 517 1036 sed
553 1005 678 1048 saepe
715 994 914 1035 causatus
953 1005 1049 1034 sum
1087 991 1219 1034 excoli
1256 1003 1339 1034 non
1370 1003 1496 1046 posse
1530 1003 1778 1044 sermonem,
1803 1003 1841 1034 ιο

258 1064 341 1107 nisi
371 1077 495 1118 quem
526 1064 694 1118 propria
724 1075 872 1106 manus
903 1062 1130 1105 limauerit.
1161 1062 1306 1116 itaque
1336 1061 1510 1117 ignosce
1542 1061 1782 1106 dolentibus

260 1135 410 1186 oculis,
440 1135 486 1177 id
523 1137 588 1177 est
623 1134 794 1189 ignosce
833 1133 1023 1184 dictanti,
1056 1132 1233 1175 maxime
1273 1144 1384 1192 cum·
1404 1132 1447 1175 in
1479 1132 1781 1177 ecclesiasticis

261 1206 386 1248 rebus
423 1218 504 1247 non
542 1207 792 1260 quaerantur
827 1204 969 1257 uerba,
1008 1204 1083 1246 sed
1120 1215 1283 1255 sensim,
1319 1202 1365 1245 id
1403 1205 1468 1246 est
1503 1203 1682 1258 panibus
1725 1204 1784 1248 sit

262 1275 354 1318 uita
385 1275 670 1326 sustentanda,
702 1287 784 1317 non
817 1274 998 1329 siliquis.
1359 1268 1361 1271 ’

385 1414 427 1449 13
454 1413 499 1449 cf.
522 1412 610 1449 Luc.
636 1413 692 1455 15,
720 1413 859 1448 16—17
888 1414 925 1448 et
948 1412 1076 1447 Horat.
1103 1412 1208 1458 epist.
1235 1411 1271 1447 11
1296 1412 1328 1454 1,
1356 1411 1424 1447 123
1462 1388 1465 1393 “

314 1495 332 1530 1
359 1495 397 1530 id
422 1497 478 1531 est
500 1506 529 1531 ε.
557 1495 580 1531 1.
605 1495 641 1529 Σ
735 1495 756 1530 3
782 1496 905 1540 potest
929 1495 1060 1530 tertius
1084 1494 1194 1530 ΣΒΒ
1289 1494 1416 1539 tertio]
1442 1494 1550 1530 tertie
1575 1494 1649 1529 ΣΒ
1670 1495 1785 1532 tercia

265 1556 324 1599 (ex
347 1555 452 1598 troia)
476 1554 513 1589 B
551 1601 555 1604 ι
579 1555 603 1590 4
627 1555 715 1600 non]
739 1551 871 1589 nonae
887 1553 918 1596 Q
978 1556 999 1590 5
1025 1554 1210 1599 aequalem
1231 1554 1305 1589 ΣΧ
1338 1555 1461 1597 (corr.)
1529 1553 1551 1588 6
1574 1553 1789 1598 salute—14

266 1612 407 1658 siliquis
434 1622 501 1648 om.
527 1613 553 1647 Δ
618 1613 640 1648 9
665 1612 747 1658 tibi]
773 1612 826 1647 ibi
856 1611 887 1654 Q
955 1612 998 1648 10
1024 1612 1173 1658 expoliri
1196 1623 1221 1656 ς
1289 1612 1329 1647 11
1357 1611 1494 1658 itaque]
1519 1611 1558 1646 id
1587 1611 1618 1654 Q
1679 1613 1723 1647 12
1746 1613 1786 1648 iu

266 1682 295 1707 8.
322 1672 344 1707 Ζ.
371 1671 407 1706 Β
480 1672 522 1707 13
550 1673 749 1718 queruntur
772 1670 894 1716 ΣΒ,Β
919 1673 1129 1717 (querantur
1153 1671 1230 1717 m2)
1326 1670 1364 1706 id
1390 1671 1460 1716 est]
1487 1670 1539 1706 ite
1557 1671 1593 1705 Σ
1683 1671 1787 1718 pani-

266 1731 347 1776 bus]
374 1730 460 1766 add.
486 1730 641 1765 uiuimus
667 1730 749 1774 (del.
775 1732 850 1774 m2)
869 1730 906 1764 Β
993 1731 1036 1766 14
1060 1730 1217 1776 siliquis]
1245 1729 1332 1766 add.
1359 1729 1506 1775 explicit
1531 1729 1577 1765 ad
1602 1729 1787 1766 damasum
1853 1733 1857 1737 ’

270 1789 313 1824 de
339 1788 477 1824 duobus
503 1788 588 1823 filiis
613 1789 649 1823 Σ
