1884 3254
512 245 717 290 Epistula
741 245 854 280 XLIX
879 244 1062 290 (XLVIII)
1089 245 1181 280 8-9
1535 249 1620 290 363

13 463 15 466 ⁴
90 459 240 500 quam
277 445 698 488 multissfacessat
737 445 966 488 calumnia!
1001 445 1050 488 de
1090 445 1272 489 secundo
1306 446 1374 488 hic
1410 449 1452 488 et
1489 447 1614 488 tertio
1657 450 1678 482 ὁ

10 527 14 529 ’
89 518 131 558 et
165 518 328 570 quarto,
362 516 399 559 si
429 516 572 567 libeat,
606 516 874 558 matrimonio
908 504 1238 570 disputauimus‚
1272 528 1354 558 non
1387 516 1436 558 de
1468 517 1618 570 primo,

13 598 17 599 ’
88 599 139 628 ne
177 587 271 640 quis
308 587 350 628 in
389 599 450 639 eo,
488 586 600 641 quod
641 586 841 629 diximus:
888 587 977 629 uni
1017 587 1220 629 homini
1258 587 1617 641 prostitutam

1 652 6 662 ’
34 702 38 712 Ι
90 670 207 700 esse
241 670 390 711 quam
417 657 622 702 multis.
656 657 707 699 ad
733 657 915 711 primum
943 658 1141 700 maritum
1167 658 1333 710 referat,
1361 670 1457 700 cum
1483 657 1618 700 omnis

1 726 15 742 ’
89 728 207 770 nobis
234 728 426 782 quaestio
453 728 503 770 de
530 728 715 783 digamia
740 733 782 771 et
807 729 1005 784 trigamia
1030 729 1170 772 fuerit.
1204 729 1383 783 denique
1410 728 1619 784 digamiae

22 811 28 818 ’
89 803 131 842 et
173 801 393 856 trigamiae
444 801 775 855 disputationem
827 803 903 845 hac
950 804 1065 846 calce
1111 803 1398 858 signauimus:
1433 804 1621 846 ‘omnia

7 875 22 930 ¹.
88 871 273 923 licent,
307 872 398 914 sed
430 885 527 915 non
561 873 734 915 omnia
767 874 1089 927 expediunt'.
1121 887 1219 916 non
1255 874 1440 916 damno
1474 874 1619 930 diga-

3 959 16 982 :
89 956 212 994 mos,
256 944 412 986 immo
458 957 550 986 nec
593 946 858 1000 trigamos
898 947 962 996 et,
1004 946 1048 988 si
1089 945 1198 987 dici
1237 947 1438 999 potest,
1478 947 1619 988 octo-

9 1025 23 1069 }
90 1027 284 1070 gamos.
330 1015 453 1070 plus
498 1015 711 1069 aliquid
754 1016 1006 1058 inferam:
1053 1016 1215 1058 etiam
1255 1019 1621 1058 scortatorem

23 1118 32 1145 «ἱ
90 1086 296 1139 recipio
352 1087 733 1140 paenitentem.
784 1087 1050 1141 quidquid
1100 1087 1412 1141 aequaliter
1465 1087 1619 1133 licet,

22 1176 25 1178 ·
91 1169 258 1211 aequa
290 1157 441 1199 lance
473 1158 805 1211 pensandum
838 1161 932 1200 est.

149 1228 190 1270 9.
223 1228 455 1271 Erubescat
487 1228 765 1270 calumniator
802 1241 922 1271 meus
964 1229 1106 1271 dicens
1145 1241 1212 1270 me
1250 1229 1387 1283 prima
1424 1228 1620 1271 damnare

5 1354 8 1359 .
90 1298 370 1348 matrimonia,
417 1299 582 1352 quando
627 1299 750 1353 legit:
796 1312 894 1341 non
940 1299 1127 1342 damno
1166 1299 1426 1354 digam08‚
1464 1299 1619 1341 immo

4 1357 47 1427 sl„
92 1382 184 1412 nec
217 1370 481 1424 trigamos
515 1372 578 1420 et,
613 1370 657 1412 si
690 1370 800 1412 dici
831 1372 1030 1424 potest,
1058 1372 1386 1426 octogamos.
1415 1370 1530 1412 aliud
1556 1372 1623 1412 est

90 1453 170 1483 non
211 1441 419 1493 damnare,
459 1440 574 1482 aliud
612 1441 869 1494 praedicare;
912 1441 1026 1482 aliud
1064 1444 1130 1482 est
1166 1440 1334 1482 ueniam
1379 1439 1620 1490 concedere,

17 1563 20 1567 .
91 1511 205 1553 aliud
247 1511 418 1553 laudare
461 1512 678 1554 uirtutem.
719 1513 754 1554 si
799 1514 939 1554 autem
977 1511 1019 1553 in
1059 1524 1106 1553 eo
1152 1510 1281 1552 durus
1325 1510 1485 1561 uideor,
1524 1510 1622 1564 quia

91 1581 192 1623 dixi:
221 1581 487 1635 quidquid
515 1582 826 1636 aequaliter
851 1582 1000 1631 licet,
1028 1593 1194 1634 aequa
1225 1580 1378 1622 lance
1405 1592 1620 1634 pensan-

9 1640 41 1705 ,ᾗ
92 1652 206 1694 dum
247 1656 341 1703 est,
375 1655 478 1706 puto
511 1666 590 1695 non
631 1666 699 1695 me
738 1653 950 1695 crudelem
990 1652 1196 1694 iudicabit
1233 1653 1275 1693 et
1312 1651 1510 1706 rigidum,
1550 1651 1621 1703 qui
1662 1704 1665 1707 .

92 1723 172 1764 alia
204 1724 296 1765 loca
334 1723 570 1778 uirginitati
602 1727 644 1765 et
682 1724 857 1778 nuptiis,
891 1723 973 1766 alia
1009 1722 1202 1778 trigamis
1237 1725 1278 1763 et
1310 1721 1546 1775 octogamis
1580 1723 1622 1762 et

9 1804 33 1847 jg
91 1794 405 1849 paenitentibus
443 1792 789 1849 <scortat0ribus>
826 1795 977 1850 legerit
1020 1795 1278 1848 praeparata.
1319 1791 1534 1834 Christum
1579 1791 1632 1837 in>
1658 1796 1678 1829 2

0 288 17 477 ἓ
89 377 192 417 est:
225 374 582 417 tolerabilius
623 376 707 416 est
745 374 834 416 uni
867 374 1070 417 homini
1103 374 1464 429 prostitutam
1499 387 1619 418 esse
1692 374 1699 379 ’

0 477 14 543 Ξ

209 1934 227 1967 7
256 1932 335 1968 adu.
362 1933 439 1968 Iou.
465 1933 482 1968 Ι
511 1934 553 1968 15
653 1933 692 1967 *Ι
719 1931 799 1968 Cor.
826 1934 859 1978 6,
889 1933 942 1968 12.
973 1933 1026 1973 10,
1055 1932 1100 1966 23

14 2011 47 2068 33*
140 2004 157 2049 1
183 2014 424 2050 tollerabilius
444 2015 564 2050 AD¹1‘
658 2016 723 2050 alt.
751 2017 806 2050 est
830 2027 858 2051 s.
886 2015 909 2050 l.
934 2017 996 2049 m2
1015 2015 1050 2049 B
1123 2015 1144 2048 2
1170 2013 1327 2047 facesset
1347 2013 1384 2047 D
1409 2012 1566 2047 facescat
1585 2012 1620 2045 A

15 2084 35 2122 {3
91 2076 208 2109 cessat
232 2075 373 2115 Essac.
489 2075 702 2109 calumniam
729 2074 868 2119 Esar.
985 2073 1033 2118 et]
1063 2073 1149 2108 add.
1177 2072 1220 2107 de
1246 2070 1406 2106 KADY'
1522 2071 1543 2105 3
1570 2071 1619 2115 et]

89 2134 178 2169 add.
205 2133 249 2169 de
275 2133 357 2168 KP
473 2134 565 2169 libet
591 2133 666 2168 AD
792 2133 1055 2179 disputabimus
1081 2131 1160 2166 KD
1288 2131 1423 2179 primo]
1444 2129 1529 2166 add.
1557 2128 1621 2164 sed

91 2193 309 2238 AD,Ils.l.,s
335 2194 376 2228 in
402 2205 467 2239 my.
611 2194 634 2228 4
661 2193 743 2238 din]
772 2192 861 2228 add.
885 2192 1113 2227 tolerabilius
1141 2193 1197 2226 est
1221 2190 1257 2224 A
1284 2189 1377 2234 (-11-)
1404 2189 1514 2230 uns
1540 2199 1567 2225 s.
1595 2188 1619 2222 l.

90 2253 112 2286 5
139 2254 231 2298 esse]
260 2253 344 2288 add.
372 2253 501 2287 melius
526 2253 562 2287 B
689 2251 734 2287 ad
761 2253 863 2302 prim.
890 2252 931 2286 in
955 2261 1021 2296 my.
1049 2253 1112 2285 m2
1135 2250 1175 2284 E
1291 2248 1559 2284 matrimonium
1584 2247 1621 2282 B

91 2311 255 2346 omnibus
283 2312 320 2347 11
401 2313 421 2347 6
449 2311 628 2357 digamiae
655 2314 692 2346 et
716 2311 907 2357 trigamiae
928 2309 1074 2346 Aa.c.D
1099 2309 1257 2354 digamie
1284 2311 1389 2352 (corr.
1417 2308 1468 2350 ·a)
1494 2309 1531 2341 et
1555 2307 1619 2341 tri-

34 2407 47 2418 „
91 2371 211 2416 gamia
236 2371 274 2406 Π
368 2371 665 2417 denique—disp.
690 2371 731 2406 in
756 2381 823 2416 my.
850 2372 912 2404 m2
940 2370 978 2404 Il
1087 2369 1106 2404 7
1135 2367 1381 2413 disputatione
1406 2378 1440 2411 ψ
1535 2365 1618 2410 hac]

23 2415 49 2474 ’ᾗ
91 2429 157 2464 hec
183 2433 274 2465 ἕως.
301 2430 359 2464 hic
384 2433 475 2474 §pc
501 2430 536 2464 h·
563 2432 621 2474 (=
648 2430 730 2474 hoc)
757 2429 791 2464 B
818 2440 859 2465 ac
884 2429 924 2463 D
950 2440 970 2463 a
995 2428 1078 2463 K¹I¹
1161 2426 1386 2472 signabimus
1411 2425 1450 2459 D
1505 2424 1527 2459 8
1555 2424 1618 2458 alt.

20 2478 48 2512 '·‘s
90 2499 160 2523 non
187 2500 231 2524 ex
255 2501 339 2524 nam
364 2492 427 2524 2222
456 2489 494 2524 Ψ
675 2488 1068 2534 digamus—trigamus
1094 2487 1133 2521 D
1295 2486 1316 2520 9
1344 2487 1555 2529 octogamus
1581 2483 1620 2518 D

93 2548 136 2583 10
155 2549 263 2583 etiam
290 2559 358 2584 om.
378 2549 413 2583 B
465 2549 506 2583 12
533 2559 647 2594 aequa
666 2548 726 2584 Εἰ,
753 2547 896 2593 aequali
923 2551 986 2582 cet.
1040 2546 1083 2581 14
1110 2545 1276 2592 digamus
1297 2543 1336 2579 D
1408 2543 1516 2578 immo
1536 2543 1616 2586 nec]

23 2630 37 2658 3
91 2609 129 2642 et
150 2618 175 2652 g
249 2608 291 2642 15
316 2608 493 2653 trigamus
513 2608 551 2642 D
649 2610 853 2652 et—-octog,
881 2617 949 2642 om.
970 2606 1045 2641 AD
1141 2605 1277 2649 octog.]
1304 2613 1418 2648 neque
1446 2603 1563 2646 octog.
1583 2601 1619 2634 B

24 2660 41 2675 '
94 2667 136 2701 16
163 2669 217 2702 est
242 2667 364 2713 praed.
391 2670 411 2702 Β
500 2668 542 2702 17
569 2670 626 2702 est
649 2666 747 2702 laud.
773 2666 817 2701 K
922 2665 1031 2702 durus
1056 2665 1094 2699 in
1121 2675 1162 2700 eo
1188 2663 1264 2698 AD
1351 2662 1394 2696 18
1420 2671 1535 2706 aequa
1559 2659 1618 2694 Ess

28 2726 46 2767 ξ
91 2727 232 2772 aequali
257 2726 319 2771 (·le
346 2738 380 2772 ψ
405 2726 467 2761 -lit
491 2726 542 2772 D)
569 2730 631 2762 cet·
707 2726 750 2762 19
778 2737 833 2760 me
861 2736 932 2760 non
957 2724 1040 2759 KP
1140 2721 1317 2758 iudicauit
1342 2721 1381 2755 E
1475 2719 1559 2765 quia
1584 2718 1619 2752 A

89 2785 136 2820 20
162 2787 199 2820 et
222 2796 325 2831 paen.
352 2797 419 2822 om.
445 2786 481 2820 B
583 2789 661 2822 tert.
689 2787 726 2820 et
750 2796 818 2820 om.
844 2784 903 2819 ΕΒ
995 2784 1038 2818 21
1068 2785 1174 2818 scort.
1201 2780 1334 2816 addidi
1358 2779 1440 2814 coll.
1467 2778 1532 2812 lin.
1559 2779 1618 2819 10,

88 2854 156 2879 om.
184 2844 285 2879 codd.
382 2845 520 2889 legeret
544 2842 753 2878 Aa.c.m2D
