1884 3254
258 253 342 294 288
801 246 953 282 Sancti
977 245 1230 290 Hieronymi

257 378 315 420 ita
353 377 586 431 appelletur
624 378 666 417 et
700 376 838 428 ipsum
877 386 1005 425 mare,
1044 373 1143 426 quia
1187 372 1427 415 caeruleum
1471 373 1528 414 sit
1570 374 1611 414 et
1649 385 1772 428 saepe

257 448 358 490 solis
401 446 528 488 radiis
571 457 880 499 repercussum,
925 444 1109 485 colorem
1159 454 1286 496 supra
1328 442 1535 485 dictorum
1583 443 1773 498 lapidum

256 518 406 567 trahat,
446 530 468 558 a
506 516 642 558 colore
679 526 829 557 nomen
867 513 1088 567 acceperit,
1126 512 1228 555 licet
1263 513 1470 567 Iosephus
1515 515 1588 555 tau
1631 513 1774 556 littera
1830 547 1832 549 -

256 588 512 629 commutata
544 585 724 628 Graecos
755 585 880 638 putet
910 583 1087 626 Tarsum
1121 583 1356 637 appellasse
1388 595 1461 637 pro
1493 583 1677 626 Tharsis.

315 658 352 700 3.
396 655 719 698 Innumerabilia
762 656 873 705 sunt,
919 666 1023 707 quae
1068 654 1119 695 in.
1153 654 1270 695 illius
1313 653 1418 695 mihi
1461 654 1772 698 commentariis

257 728 421 770 sordere
453 726 545 768 uisa
577 727 687 768 sunt.
721 727 786 767 est
817 737 954 766 sermo
994 724 1163 778 quidem
1205 725 1450 778 conpositus
1482 729 1525 766 et
1556 723 1773 768 Gallicano

257 800 429 840 coturno
467 796 619 838 fluens:
659 794 732 836 sed
771 794 872 848 quid
909 794 962 836 ad
997 794 1280 848 interpretem,
1314 794 1435 836 cuius
1471 794 1677 848 professio
1709 797 1776 838 est

255 881 349 918 non,
382 866 591 921 quomodo
623 866 712 920 ipse
747 865 930 907 disertus
963 866 1172 919 appareat,
1207 863 1281 907 sed
1311 864 1520 918 quomodo
1558 877 1669 917 eum,
1701 865 1775 919 qni

253 939 439 980 lecturus
474 938 550 986 est,
585 935 646 978 sic
677 935 805 977 faciat
835 935 1092 990 intellegere,
1126 934 1335 989 quomodo
1360 934 1567 977 intellexit
1590 935 1676 987 ille,
1702 935 1776 990 qui

196 1022 215 1049 ι
256 1008 447 1061 scripsit?
487 1019 603 1062 rogo,
641 1019 722 1048 non
765 1005 969 1048 habuerat
1005 1005 1148 1048 decem
1187 1004 1381 1061 Origenis
1423 1005 1655 1057 uolumina,
1691 1018 1772 1048 non

253 1080 500 1132 interpretes
540 1079 701 1119 ceteros
739 1078 813 1118 aut
849 1077 960 1118 certe
999 1076 1162 1130 aliquos
1198 1077 1456 1118 necessarios
1486 1076 1773 1119 Hebraeorum

255 1151 328 1191 aut
365 1148 415 1190 ad
451 1147 706 1202 interrogare
739 1148 813 1188 aut
844 1146 896 1189 ad
925 1147 1064 1201 legere
1098 1144 1185 1204 [et]‚
1219 1146 1320 1200 quid
1352 1147 1432 1188 sibi
1463 1146 1634 1198 uellent,
1667 1160 1774 1201 quae

253 1219 499 1276 ignorabat?
543 1217 618 1260 sed
660 1219 747 1258 tam
788 1216 899 1259 male
943 1216 1204 1259 existimasse
1240 1217 1294 1259 de
1330 1216 1524 1271 posteris,
1563 1219 1612 1258 ut
1653 1230 1773 1260 nemo

254 1291 400 1343 posset
430 1289 479 1330 de
513 1288 600 1331 eius
634 1287 843 1330 erroribus
874 1287 1081 1329 iudicare!
1216 1283 1219 1286 ’

315 1361 353 1401 4.
380 1360 552 1401 Frustra
576 1359 709 1414 igitur
739 1372 762 1400 a
793 1371 860 1400 me
894 1358 1082 1401 eiusdem
1113 1358 1196 1400 uiri
1222 1358 1543 1401 commentarios
1568 1358 1774 1412 postulas,

257 1444 350 1473 cum
393 1430 498 1472 mihi
540 1430 583 1471 in
625 1429 712 1471 illis
757 1429 891 1471 multo
937 1429 1189 1483 displiceant
1230 1429 1364 1483 plura,
1401 1441 1526 1482 quam
1570 1429 1774 1483 placeant.

257 1501 367 1554 quod
406 1501 442 1542 si
480 1500 740 1554 opposueris,
784 1512 858 1542 cur
894 1500 1061 1542 ceteris
1090 1499 1288 1551 dederim,
1328 1495 1472 1542 audies
1510 1512 1591 1542 non
1629 1512 1773 1542 omnes

256 1572 400 1614 eodem
430 1572 546 1614 uesci
580 1571 685 1613 cibo.
716 1572 836 1613 Iesus
867 1570 913 1612 in·
941 1571 1106 1613 deserto
1138 1571 1281 1625 plures
1312 1570 1556 1612 hordeaceis
1593 1571 1773 1625 panibus

257 1643 404 1695 pascit,
432 1642 608 1684 triticeis
634 1641 877 1695 pauciores3>
893 1640 1111 1692 Corinthii,
1138 1641 1180 1683 in
1208 1641 1362 1695 quibus
1387 1640 1607 1683 fornicatio
1634 1641 1774 1684 audie-

374 1793 395 1827 3
423 1792 465 1827 cf.
492 1792 634 1837 Ioseph.
659 1791 743 1827 Ant.
769 1791 849 1827 Iud.
874 1791 892 1826 I
917 1793 949 1834 6,
978 1792 995 1826 1
1096 1791 1140 1826 18
1168 1790 1210 1826 cf.
1237 1791 1316 1826 loh.
1342 1792 1375 1835 6,
1403 1791 1519 1826 5—13
1617 1790 1731 1832 19rcf.
1755 1790 1775 1826 1

258 1851 336 1886 Cor.
365 1853 396 1896 5,
425 1852 441 1886 1

306 1945 322 1979 1
350 1944 415 1989 ita]
442 1943 480 1978 id
499 1944 576 1980 Bac
675 1944 876 1989 appellatur
894 1944 972 1980 Bac
1000 1944 1177 1989 apellatur
1201 1943 1306 1990 (corr.
1332 1943 1525 1989 apelletur)
1543 1943 1576 1977 A
1648 1943 1670 1978 2
1696 1954 1775 1989 per-

258 2014 397 2037 cussum
421 2014 445 2047 g
541 2004 693 2038 calorem
720 2003 889 2047 Bp.c.m2
960 2004 981 2038 3
1008 2003 1042 2048 a]
1071 2004 1108 2036 et
1133 2013 1154 2037 a
1178 2003 1210 2036 A
1307 2002 1491 2037 nominum
1516 2002 1622 2037 Bac.
1718 2013 1776 2038 ac·

258 2063 353 2107 cepit
377 2073 392 2097 c
490 2062 682 2108 iosepphus
708 2061 750 2096 K
832 2062 855 2096 4
880 2061 1042 2096 tharsum
1074 2061 1267 2106 Qp.c.Ac1ce
1365 2061 1547 2106 appellare
1571 2061 1734 2096 tharsum
1757 2070 1775 2096 e

256 2121 361 2155 tarsis
379 2121 455 2155 KB
528 2122 549 2156 6
574 2121 651 2156 uise
670 2121 707 2154 Β
802 2121 872 2166 est]
901 2123 938 2155 et
956 2121 1007 2156 Ac
1107 2120 1203 2165 quid.
1229 2131 1343 2155 sermo
1362 2120 1440 2156 Bac
1514 2121 1534 2155 7
1561 2120 1735 2155 cothurno
1751 2130 1777 2166 ς

257 2180 380 2224 fluens]
405 2180 533 2215 florens
564 2179 610 2221 Qe
685 2180 706 2214 8
731 2180 908 2214 non—est
932 2190 998 2215 om.
1031 2179 1061 2221 Q
1137 2190 1198 2224 pr.
1226 2178 1415 2224 quomodo]
1443 2189 1512 2224 quo
1536 2190 1562 2223 ς
1657 2178 1777 2213 deser-

256 2241 315 2272 tus
340 2238 447 2275 Kac.
474 2238 646 2274 dissertus
671 2238 707 2273 Β
781 2239 844 2274 alt.
873 2239 1005 2284 quom]
1033 2249 1102 2283 quo
1127 2250 1152 2283 ς
1212 2238 1233 2273 9
1259 2239 1326 2273 int.
1350 2238 1428 2283 ille]
1454 2238 1522 2272 int.
1546 2237 1624 2282 ipse
1650 2247 1672 2272 ct
1697 2237 1776 2282 ipse

259 2297 357 2340 (del.)
382 2298 447 2331 int.
474 2298 550 2342 ipse
576 2298 612 2332 Β
636 2298 715 2342 ipse
738 2298 804 2333 int.
829 2309 853 2342 g
909 2298 950 2332 11
980 2298 1056 2342 aut]
1084 2309 1155 2332 non
1179 2297 1260 2333 Bac
1312 2297 1355 2331 12
1377 2307 1435 2341 pr.
1461 2296 1707 2341 aut—legere]
1734 2297 1777 2330 ut

259 2358 322 2390 aut
341 2357 580 2400 interrogaret
600 2359 662 2391 aut
680 2357 816 2401 legeret
829 2357 906 2392 Bac
981 2358 1019 2391 et
1037 2357 1177 2401 seclusi,
1191 2367 1257 2392 om.
1272 2356 1351 2391 Boc
1424 2355 1553 2390 uellint
1565 2355 1609 2390 K
1617 2354 1775 2390 uelletA

261 2414 302 2448 13
330 2414 567 2449 existimasset
591 2415 635 2449 K
657 2417 714 2458 (ex
741 2415 995 2459 exstimasset),
1028 2414 1074 2456 ρο
1102 2415 1323 2450 existimasse
1348 2416 1406 2461 (ex
1432 2414 1620 2449 extimasse
1645 2414 1695 2456 B)
1722 2413 1777 2448 ui-

260 2471 364 2506 detur
383 2472 461 2508 Bac
488 2473 631 2507 uidetur
657 2474 878 2508 existimasse
897 2485 921 2518 g
1018 2473 1061 2508 de
1082 2473 1173 2516 Bac,
1198 2483 1266 2508 om.
1286 2476 1347 2510 cet.
1442 2472 1612 2518 posteris]
1640 2471 1776 2517 poteris

258 2531 288 2564 „1
318 2532 444 2566 ceteris
469 2531 505 2565 Β
531 2532 658 2566 ceteris
684 2534 778 2574 (cae-
805 2534 834 2575 c)
861 2533 1016 2576 posteris
1042 2542 1082 2568 cic
1159 2532 1203 2567 14
1229 2532 1344 2577 possit
1368 2531 1486 2567 KBac
1578 2531 1622 2566 15
1647 2530 1774 2575 igitur]

260 2600 342 2634 ergo
367 2601 391 2634 ς
469 2590 550 2635 uiri]
577 2591 631 2624 uri
655 2591 691 2625 Β
755 2592 797 2625 16
823 2591 937 2626 multa
968 2591 1049 2636 Qfle
1129 2591 1233 2636 plura
1259 2602 1362 2635 quam
1389 2590 1479 2635 plac.
1505 2590 1593 2635 Bac,
1620 2600 1687 2625 om.
1713 2592 1775 2625 cet.

261 2647 304 2682 18
331 2647 463 2682 eisdem
493 2647 621 2683 debere
647 2649 742 2684 uesci
771 2649 913 2694 ci(y)bis
939 2649 1017 2685 Bac
1043 2649 1171 2684 iisdem
1197 2649 1295 2684 uesci
1321 2649 1448 2684 debere
1475 2649 1562 2683 cibis
1586 2659 1611 2693 ς
1682 2647 1777 2682 ordia
1851 2648 1860 2655 ³

261 2706 346 2740 aciis
371 2706 414 2741 K
437 2707 617 2742 ordeaceis
644 2711 707 2742 cet.
851 2709 952 2753 pauit
976 2720 1058 2753 pan.
1085 2719 1100 2744 c
1213 2708 1255 2743 19
1284 2708 1430 2743 eriticiis
1457 2707 1511 2751 (in
1534 2718 1600 2753 my.
1625 2708 1688 2742 m2
1713 2707 1776 2742 alii

260 2765 517 2809 frumentaciis)
541 2766 584 2800 K
605 2766 859 2801 frumentaceis
883 2767 961 2802 Bac
1037 2767 1179 2802 corintii
1199 2767 1276 2803 Bac
1303 2767 1470 2802 chorintii
1490 2766 1520 2800 Α
1549 2765 1741 2800 chorinthii
1759 2775 1776 2801 e
1846 2781 1849 2782 ⁷

262 2823 341 2856 aud.
368 2823 455 2858 forn.
481 2835 504 2868 g
