1884 3254
210 258 297 300 464
755 252 908 288 Sancti
934 227 1188 295 Hieronymi

210 386 405 440 petulans
450 387 493 426 et
534 382 676 432 hebes,
729 383 778 422 ut
820 380 922 421 haec
966 391 1033 420 me
1083 391 1206 421 nosse
1251 378 1451 432 pollicear
1498 382 1541 421 et
1583 392 1726 422 eorum

210 456 372 498 fructus
403 454 443 496 in
475 456 585 495 terra
622 463 781 506 capere,
822 462 1000 503 qnorum
1037 448 1198 491 radices
1236 449 1277 490 in
1315 449 1430 491 caelo
1468 449 1572 491 fixae
1611 452 1726 503 suut3

211 526 283 569 sed
315 525 425 567 uelle
457 524 602 572 fateor,
636 521 708 563 sed
742 520 842 562 eniti
873 532 971 574 prae
1003 532 1069 561 me
1100 520 1208 561 fero:
1242 520 1490 575 magistrum
1522 532 1735 563 rennuens

210 596 407 638 comitem
452 592 649 648 spondeo.
697 590 855 651 petenti
893 590 1030 641 datur,
1066 589 1253 644 pulsanti
1290 590 1487 644 aperitur,
1526 603 1728 644 quaereus

209 665 383 708 inuenit.
425 663 636 706 discamus
667 662 709 704 in
739 660 877 712 terris,
910 673 1087 715 quorum
1119 660 1239 702 nobis
1279 660 1453 703 seientia
1487 664 1730 715 perseueret
1767 674 1786 704 ε
1845 711 1862 726 κ

209 736 250 777 in
284 735 412 776 caelo.

269 806 338 848 11.
383 803 531 846 Obuiis
568 805 611 845 te
649 802 843 845 manibus
882 801 1085 856 excipiam
1110 788 1180 852 et,
1218 804 1267 844 ut
1302 803 1443 857 inepte
1486 803 1645 857 aliquid
1681 816 1731 846 ac

210 876 260 919 de
284 876 567 930 Hermagorae
592 873 834 922 tumiditate
860 872 1062 924 effutiam,
1088 872 1292 927 quidquid
1319 873 1562 928 quaesieris,
1587 877 1728 917 tecum

210 947 316 990 seire
347 946 537 989 conabur.
567 944 696 987 habes
728 943 798 993 hic
823 943 1161 986 amantissimum
1193 943 1256 985 tui
1288 943 1459 986 fratrem
1483 945 1729 997 Eusebium,

209 1019 280 1072 qui
309 1017 544 1059 litterarum
575 1005 744 1058 tuarum
775 1014 880 1056 mihi
914 1015 1091 1070 gratiam
1118 1015 1352 1068 duplicauit
1386 1015 1570 1058 referens
1604 1016 1730 1058 hone·
1753 1025 1789 1054 10

209 1090 360 1130 statem
393 1099 557 1128 morum
588 1090 771 1137 tuorum,
810 1088 1099 1140 contemptum
1130 1085 1304 1136 saeculi,
1342 1085 1467 1128 fidem
1505 1086 1729 1137 amicitiae,

209 1169 392 1199 amorem
419 1156 588 1199 Christi.
618 1169 714 1198 nam
745 1156 1011 1211 prudentiam
1045 1158 1086 1198 et
1112 1157 1269 1210 eloquii
1299 1158 1567 1198 uenustatem
1602 1157 1729 1199 etiam

208 1228 366 1282 absque
409 1228 482 1269 illo
520 1228 614 1282 ipsa
657 1226 840 1281 epistula
882 1227 1154 1280 praeferebat.
1197 1227 1362 1280 festina,
1402 1239 1558 1281 quaeso
1596 1230 1651 1283 te,
1689 1231 1732 1269 et

207 1297 416 1340 haerentis
448 1297 490 1339 in
517 1298 606 1340 salo
632 1297 851 1340 nauiculae
876 1298 1019 1339 funem
1045 1298 1181 1353 magis
1206 1297 1414 1352 praecide,
1446 1310 1573 1351 quam
1598 1297 1732 1340 solue.

207 1380 328 1410 nemo
359 1367 674 1410 renuntiaturus
699 1367 867 1410 saeculo
893 1367 998 1410 bene
1023 1370 1165 1422 potest
1195 1368 1389 1419 uendere,
1416 1380 1521 1422 quae
1547 1370 1729 1420 contem·
1753 1379 1790 1408 ιε
1864 1381 1871 1435 3

206 1439 306 1492 psit,
333 1441 381 1480 ut
404 1438 613 1481 uenderet.
634 1437 837 1493 quidquid
859 1438 903 1480 in
931 1441 1127 1493 sumptus
1155 1439 1205 1481 de
1230 1441 1303 1482 tuo
1329 1439 1493 1490 tuleris,
1511 1451 1586 1494 pro
1611 1438 1726 1481 lucro

209 1511 400 1564 conputa.
421 1509 639 1564 antiquum
662 1509 823 1552 dictum
843 1511 927 1552 est:
950 1523 1096 1552 auaro
1117 1514 1215 1552 tam
1241 1510 1395 1561 deest,
1417 1509 1547 1564 quod
1566 1509 1729 1567 babet,

211 1593 352 1633 quam
372 1580 1022 1634 quodnonhabet.credenti
1040 1583 1181 1623 totus
1202 1581 1414 1624 mundus
1433 1580 1730 1623 diuitiarum

211 1650 541 1703 est,infidelis
562 1654 724 1694 autem
744 1646 894 1694 etiam
915 1651 1059 1694 obolo
1080 1651 1287 1706 indiget.
1303 1651 1362 1694 sic
1380 1651 1574 1693 uiuamus
1589 1650 1731 1705 quasi

211 1721 337 1763 nihil
363 1721 604 1764 habentes
626 1723 673 1763 et
694 1721 853 1763 omnia
872 1721 1208 1775 possidentes.
1235 1722 1377 1764 uictus
1404 1725 1530 1776 atque
1549 1722 1732 1764 uestitus
1754 1733 1792 1762 πο

330 1860 352 1894 4
378 1859 424 1895 cf.
448 1859 580 1895 Matth.
607 1860 639 1901 7,
667 1861 686 1894 7
713 1861 779 1894 etc.
830 1859 852 1895 8
873 1859 917 1895 cf.
938 1859 1010 1895 cio.
1033 1859 1077 1895 de
1096 1860 1233 1896 inuent.
1254 1861 1270 1895 Ι
1290 1861 1311 1895 8
1363 1861 1405 1896 17
1425 1860 1604 1896 Publilius
1624 1861 1732 1906 Syrus

213 1918 282 1954 628
308 1917 490 1953 Woelfflin
565 1917 610 1953 18
635 1917 762 1953 *Prom
790 1918 844 1960 17,
864 1918 887 1953 6
973 1919 1016 1954 19
1042 1918 1102 1953 *ΙΙ
1123 1918 1200 1954 Cor.
1227 1921 1261 1963 6,
1283 1919 1326 1955 10
1423 1919 1468 1954 cf.
1492 1919 1509 1953 I
1534 1918 1624 1954 Tim.
1652 1919 1685 1963 6,
1711 1919 1732 1954 8

264 2002 279 2035 1
301 2012 361 2047 pr.
389 2001 438 2046 et]
465 2003 528 2036 aut
552 2002 585 2036 Σ
687 2001 799 2037 habes
823 2001 864 2036 D
948 2002 969 2036 2
994 2002 1031 2036 in
1056 2004 1153 2037 terra
1178 2003 1237 2046 λς,
1263 2013 1331 2037 οηι.
1357 2006 1418 2037 eet.
1499 2003 1520 2036 3
1546 2001 1734 2037 sed—fero

218 2060 289 2095 GP
311 2059 374 2094 sed
406 2060 494 2095 eniti
519 2071 576 2095 me
607 2060 683 2096 fero
711 2060 742 2095 S
770 2060 910 2096 sedenti
942 2072 998 2096 me
1030 2060 1192 2105 praefero
1219 2061 1287 2096 ΣΒ
1318 2061 1459 2096 sedenti
1490 2071 1547 2095 me
1576 2061 1735 2106 proferre

215 2121 272 2162 (ex
294 2118 446 2164 proferri
470 2121 548 2163 m2)
574 2120 599 2154 λ
694 2119 868 2164 magistro
895 2120 920 2154 λ.
1016 2130 1169 2155 renuens
1194 2120 1243 2164 λς
1314 2121 1336 2154 4
1363 2119 1508 2154 dabitur
1531 2120 1558 2154 λ
1654 2130 1736 2166 ape—

214 2178 327 2212 rietur
351 2188 395 2213 ex
419 2177 563 2212 dabitur
588 2179 614 2212 λ
746 2179 767 2213 5
793 2177 1044 2224 diem—caelo]
1071 2178 1136 2214 illa
1162 2178 1371 2214 studeamus
1397 2178 1534 2214 discere
1558 2178 1595 2214 in
1619 2179 1736 2220 terris,

218 2247 365 2282 quorum
391 2237 495 2272 nobis
520 2238 654 2272 notitia
678 2239 886 2283 perseueret
910 2240 965 2282 (et
990 2249 1034 2274 επ
1057 2238 1088 2274 it
1112 2240 1187 2282 2122)
1212 2238 1250 2273 in
1277 2238 1385 2274 caelis
1403 2239 1439 2272 Γ
1504 2237 1690 2273 nobiscum
1712 2238 1746 2274 Σ

216 2296 416 2340 perseuen't
439 2297 628 2331 Γα.ο.νη,2λ
702 2298 721 2331 7
748 2297 876 2332 obuius
902 2299 940 2333 te
965 2297 1036 2332 DS
1059 2297 1176 2333 obiste
1202 2299 1227 2332 λ
1299 2300 1340 2332 ut
1365 2308 1432 2333 om.
1459 2298 1484 2332 λ
1556 2308 1596 2332 ac
1616 2308 1684 2333 om.
1711 2297 1742 2331 S

217 2353 239 2388 8
266 2364 450 2399 armagore
476 2355 501 2388 λ
527 2355 706 2400 armagori
731 2355 771 2390 D
796 2356 974 2402 ermagori
998 2357 1031 2391 Σ
1190 2356 1289 2391 effut.
1314 2359 1344 2400 (t
1369 2367 1413 2391 ex
1439 2358 1476 2398 n)
1503 2355 1538 2391 G
1563 2356 1679 2391 effutt.
1705 2355 1741 2390 P

220 2412 321 2447 efluc.
346 2411 376 2448 S
400 2413 505 2458 effug.
533 2415 558 2448 λ
584 2413 764 2449 effundam
791 2414 859 2450 ΣΒ
931 2416 953 2450 9
978 2415 1036 2451 hic
1062 2417 1087 2450 λ
1183 2416 1338 2451 amantis
1363 2416 1389 2450 λ
1457 2415 1501 2451 10
1525 2425 1694 2450 reuerens
1714 2416 1739 2449 λ

222 2471 263 2505 11
293 2474 510 2506 contemtum
541 2472 575 2507 G
601 2476 809 2509 contentum
837 2474 867 2510 S
950 2475 994 2510 12
1020 2475 1142 2520 eloqui
1172 2474 1301 2510 Gaaej-
1375 2475 1419 2509 13
1445 2475 1524 2519 ipsa
1547 2485 1615 2509 om.
1641 2473 1742 2509 ZDS

221 2528 427 2575 proferebat
450 2531 489 2574 Σ,
515 2541 581 2566 om.
609 2532 634 2565 λ.
755 2531 888 2567 festino
915 2532 945 2568 S
1053 2533 1097 2568 14
1120 2532 1263 2568 hei-enti
1289 2532 1532 2577 ES,Da.c.m2
1555 2532 1739 2566 herentem

221 2589 392 2634 Dp.c.m2
499 2590 638 2625 soluere
664 2591 689 2625 λ
776 2592 818 2625 15
844 2591 1015 2638 uendere]
1042 2591 1165 2628 uidere
1192 2593 1380 2628 I’a.c.m2t2
1488 2590 1682 2626 contemsit
1708 2589 1742 2625 G

225 2649 267 2683 16
293 2651 334 2683 ut
358 2648 532 2684 uenderet
556 2660 623 2684 om.
652 2650 685 2684 Γ
753 2650 796 2685 de
822 2652 883 2685 tuo
911 2662 976 2686 om.
998 2651 1024 2686 λ
1119 2651 1262 2686 tulleris
1281 2652 1306 2685 κ’.
1374 2652 1419 2686 18
1445 2651 1562 2696 quam]
1588 2660 1694 2696 quem
1714 2650 1747 2684 Γ

225 2707 319 2752 quod
343 2719 370 2743 s.
399 2708 421 2743 l.
447 2710 510 2743 m2
535 2709 568 2743 Σ
669 2720 739 2744 non
764 2721 792 2745 s.
820 2710 843 2746 l.
870 2712 931 2744 m2
955 2710 995 2744 D
1093 2711 1136 2746 19
1163 2712 1218 2746 est
1242 2721 1310 2746 om.
1336 2710 1372 2745 P
1472 2709 1595 2755 etiam]
1621 2719 1691 2744 uno
1717 2710 1741 2744 λ

225 2766 328 2803 obelo
355 2768 379 2802 λ
510 2769 571 2803 uiu
598 2770 679 2814 (seq.
706 2780 780 2806 ras.
810 2772 833 2803 4
860 2770 947 2813 litt.;
973 2771 1012 2804 in
1036 2781 1103 2816 my.
1128 2774 1184 2805 ml
1209 2771 1324 2816 amus)
1350 2771 1374 2804 λ
1507 2768 1625 2815 quasi]
1650 2771 1743 2803 tam-

227 2838 331 2872 quam
358 2827 428 2861 DS
497 2828 543 2863 20
571 2828 685 2874 adque
715 2827 860 2871 G‚Za.c.
888 2831 924 2864 et
949 2829 1020 2863 DS
1112 2829 1257 2865 festitus
1283 2831 1308 2864 λ
