1884 3254
658 250 863 296 Epistula.
887 250 935 285 LI
963 251 1055 286 1—2
1532 255 1614 296 397

91 379 224 421 nollet
241 377 470 431 suscipere,
491 388 614 430 saepe
639 375 844 431 fugiebat,
866 376 941 418 sed
965 389 1040 419 nec
1067 377 1176 418 alius
1203 378 1298 431 quis
1325 378 1615 432 episcoporum

92 449 215 492 facile
247 461 342 491 eum
374 447 604 502 repperiret
629 472 685 476 —
705 447 814 488 unde
847 450 889 489 et
920 448 1023 490 satis
1056 448 1233 491 miratus
1266 461 1374 499 sum,
1407 449 1617 504 quomodo

92 519 405 574 dispensatione
443 517 509 559 dei
548 517 600 559 ad
636 530 711 559 nos
750 518 914 560 uenerit
953 530 1047 560 cum
1086 518 1334 561 diaconibus
1374 520 1621 562 monasterii

94 592 136 638 et
178 589 328 632 ceteris
372 588 584 639 fratribus,
630 590 678 629 ut
721 588 825 629 mihi
869 588 1145 637 satisfaceret,
1192 589 1290 643 quia
1332 590 1474 632 nescio
1519 590 1620 644 quid

0 663 2 665 ’
48 676 66 704 ⁶
90 660 318 703 aduersum
337 671 408 701 eos
427 659 633 700 habebam
653 658 852 700 tristitiae
873 684 943 709 -—,
965 671 1061 701 cum
1082 660 1214 714 igitur
1233 660 1516 702 celebraretur
1535 662 1619 703 col-

20 778 26 781 ,
87 731 199 773 lecta
227 731 270 772 in
303 729 483 772 ecclesia
515 729 656 780 uillae,
691 742 797 783 quae
831 732 896 772 est
926 731 1041 773 iuxta
1073 731 1377 773 monasterium
1410 734 1616 783 nostrum,

87 802 351 858 ignorantem
385 814 481 843 eum
515 803 557 842 et
589 801 746 842 nullam
775 802 942 855 penitus
969 801 1193 844 habentem
1226 803 1512 856 suspicionem
1545 815 1620 856 per

89 874 247 915 multos
286 872 482 914 diaconos
523 871 778 926 adprehendi
815 873 1020 915 iussimus
1067 876 1108 914 et
1151 873 1284 915 teneri
1332 885 1378 914 os
1423 873 1529 924 eius,
1569 886 1618 914 ne

87 943 194 987 forte
225 943 402 985 liberare
437 956 480 985 se
514 943 687 997 cupiens
721 943 933 985 adiuraret
965 955 1040 985 nos
1072 957 1146 997 per
1182 956 1332 985 nomen
1365 943 1538 994 Christi,
1577 946 1620 986 et

0 1071 1 1074 Ἰ
27 1030 67 1060 ιο
89 1015 270 1069 primum
304 1014 528 1056 diaconum
561 1014 845 1056 ordinauimus
871 1015 1151 1069 proponentes
1185 1014 1223 1056 ei
1254 1014 1451 1056 timorem
1484 1014 1550 1056 dei
1575 1017 1618 1056 et

0 1079 32 1148 ᾗ,
87 1085 385 1140 conpellentes,
424 1088 473 1128 ut
516 1085 792 1135 ministraret;
832 1086 1040 1139 ualdeque
1086 1085 1352 1128 obnitebatur
1394 1085 1614 1140 indignum

0 1147 4 1219 ζ
88 1169 182 1199 esse
215 1170 260 1199 se
286 1158 540 1198 contestans.
569 1156 639 1197 uix
665 1169 762 1212 ergo
790 1157 1056 1211 conpulimus
1084 1169 1181 1199 eum
1207 1158 1250 1198 et
1274 1157 1450 1199 suadere
1475 1156 1613 1211 potui-

0 1222 5 1294 ξ’
86 1240 181 1269 mus
214 1227 470 1269 testimoniis
505 1227 807 1280 scripturarum
834 1230 877 1268 et
907 1227 1193 1280 propositione
1220 1226 1513 1269 mandatorum
1539 1226 1618 1268 dei.

87 1300 130 1340 et
161 1310 257 1339 cum
288 1297 573 1340 ministrasset
603 1297 644 1338 in
679 1297 836 1339 sanctis
870 1296 1102 1348 sacrificiis,
1135 1310 1282 1340 rursus
1323 1310 1422 1354 cum
1456 1297 1618 1352 ingenti

26 1385 66 1418 15
88 1367 338 1410 difficultate
369 1370 486 1410 tento
521 1379 589 1409 ore
622 1368 714 1409 eius
747 1367 1036 1410 ordinauimus
1075 1368 1365 1422 presbyterum
1405 1370 1446 1409 et
1481 1367 1617 1409 isdem

89 1439 243 1490 uerbis,
276 1438 430 1492 quibus
463 1441 586 1480 antea
618 1451 900 1491 suaseramus,
930 1438 1180 1492 inpulimus,
1207 1441 1256 1480 ut
1287 1439 1452 1480 sederet
1481 1439 1523 1480 in
1557 1452 1618 1481 or-

89 1510 185 1552 dine
214 1509 479 1564 presbyterii.
511 1511 609 1564 post
639 1509 743 1552 haec
776 1510 1024 1563 scripsimus
1046 1510 1110 1551 vad
1142 1512 1310 1552 sanctos
1348 1510 1617 1565 presbyteros

88 1581 331 1624 monasterii
363 1583 405 1622 et
436 1581 586 1622 ceteris
618 1580 819 1622 fratribus
858 1583 900 1622 et
934 1581 1221 1635 increpuimus
1256 1593 1342 1631 eos,
1378 1593 1505 1635 quare
1537 1593 1618 1622 non

1656 1512 1675 1544 λἸ

12 1695 21 1712 ἲ
91 1652 365 1706 scripsissent
396 1664 523 1706 super
555 1665 617 1703 eo,
657 1664 753 1693 cum
792 1654 887 1693 ante
927 1664 1083 1694 annum
1121 1653 1280 1694 multos
1319 1664 1464 1694 eorum
1503 1651 1619 1705 queri
1666 1694 1669 1698 ,

8 1716 67 1776 'iao
90 1723 317 1774 audissem,
352 1735 424 1764 cur
455 1735 536 1764 non
568 1723 783 1773 haberent,
812 1723 885 1777 qui
918 1723 1000 1765 sibi
1032 1723 1191 1765 domini
1229 1725 1490 1765 sacramenta
1527 1736 1620 1765 con—

90 1794 274 1845 ficerent,
309 1796 350 1835 et
380 1794 500 1836 illum
539 1806 682 1836 omnes
716 1806 792 1836 suo
825 1794 1321 1848 poscerent·testimonio
1349 1796 1392 1836 et
1422 1794 1620 1849 grandem

92 1865 319 1907 utilitatem
370 1865 412 1906 in
464 1877 686 1906 commune
736 1864 981 1907 monasterii
1024 1867 1296 1916 testarentur,
1349 1878 1476 1919 quare
1519 1870 1621 1907 tunc

93 1937 256 1990 reperta
288 1935 572 1989 oportunitate
605 1949 686 1978 non
720 1935 992 1990 scripsissent
1023 1936 1144 1978 nobis
1176 1949 1311 1989 neque
1350 1948 1477 1988 super
1515 1935 1620 1977 ordi·
1687 1948 1690 1950 ·

11 2000 35 2053 f
93 1994 260 2048 natione
294 2007 384 2049 eius
418 2007 578 2060 aliquid
609 2006 916 2060 poposcissent.

8 2094 69 2123 ,25
137 2078 192 2118 2.
223 2077 339 2118 Haec
371 2076 431 2118 ita
463 2079 556 2122 acta
589 2079 700 2127 sunt,
734 2079 782 2118 ut
813 2077 982 2118 locutus
1022 2089 1130 2126 sum,
1163 2076 1204 2118 in
1244 2076 1418 2118 caritate
1452 2075 1623 2128 Christi,

95 2160 220 2200 quam
246 2149 288 2189 te
315 2160 413 2202 erga
431 2148 687 2201 pai-uitatem
713 2150 901 2190 nostram
927 2147 1081 2189 habere
1108 2147 1342 2196 credebam,
1371 2160 1625 2201 quamquam

145 2368 162 2402 1
189 2367 286 2403 nolle
312 2368 351 2402 D
465 2367 555 2412 fug.]
584 2367 795 2412 confugeret
820 2367 856 2401 Β
883 2368 1098 2411 consugeret
1125 2366 1155 2402 S
1250 2367 1271 2401 3
1299 2366 1537 2412 dispositione
1563 2365 1630 2400 BS

98 2426 258 2462 diaconis
283 2439 307 2471 g
361 2428 383 2461 4
409 2428 464 2472 ut]
493 2426 590 2472 quod
617 2426 655 2462 D
711 2416 731 2462 5
759 2426 930 2461 aduersus
958 2426 992 2460 B
1018 2426 1169 2461 aduersa
1194 2426 1302 2461 Dm.
1358 2426 1379 2461 8
1407 2425 1576 2460 diacones
1601 2425 1631 2460 S

97 2485 162 2520 hos
188 2485 373 2521 Aa.c.DB
482 2487 503 2520 9
530 2485 639 2530 forte]
667 2484 760 2520 forte
787 2496 824 2520 se
852 2487 960 2529 (emp.)
987 2486 1020 2520 Α
1142 2484 1289 2520 liberari
1312 2496 1337 2530 g
1455 2485 1494 2518 11
1523 2483 1628 2518 ualde

27 2559 37 2565 ν
99 2545 231 2591 quippe
249 2556 273 2589 g
346 2544 505 2579 obtineb.
525 2544 565 2578 D
585 2544 750 2579 obteneb.
771 2545 942 2579 Aa.c.m2
991 2544 1034 2579 12
1056 2555 1094 2579 se
1115 2555 1191 2579 esse
1210 2544 1246 2578 B
1272 2554 1309 2578 se
1337 2555 1413 2579 esse
1440 2543 1627 2578 clamitans

100 2606 137 2638 et
161 2614 270 2648 graue
298 2615 386 2638 onus
413 2603 508 2638 ultra
533 2604 626 2638 uires
648 2614 730 2638 suas
751 2614 828 2638 esse
847 2614 872 2648 g
945 2602 1159 2648 persuadere
1177 2614 1202 2647 S
1251 2603 1294 2637 13
1315 2602 1581 2648 praepositione
1602 2602 1631 2637 S

18 2707 22 2710 ι
103 2661 146 2695 14
170 2662 392 2697 ministraret
410 2673 434 2706 g
485 2662 528 2697 15
555 2662 803 2708 presbyterum
829 2662 871 2697 in
894 2672 971 2699 ras.
990 2662 1090 2696 maB
1165 2661 1302 2696 hisdem
1325 2660 1431 2695 ADS
1453 2659 1581 2695 iisdem
1606 2670 1630 2703 g

18 2737 32 2769 j
103 2721 146 2755 16
173 2723 256 2755 ante
283 2721 313 2756 S
407 2721 511 2756 sedet
537 2721 571 2755 B
664 2722 706 2756 18
734 2723 873 2756 ceteros
898 2721 1028 2755 fratres
1053 2732 1077 2765 g
1173 2720 1437 2765 increpauimus
1463 2720 1630 2763 Bp.c.m2

11 2778 16 2787 ¹
102 2790 173 2814 non
198 2781 279 2825 sen]
309 2791 442 2815 conscr.
470 2782 504 2814 A
626 2780 672 2815 20
699 2780 866 2816 coficeret
891 2780 926 2814 B
1048 2780 1091 2813 22
1120 2790 1269 2814 comune
1294 2778 1362 2812 RS
1461 2778 1507 2812 25
1533 2778 1628 2821 acta'l

103 2840 207 2882 gesta
232 2837 300 2873 RS
393 2839 444 2883 ut]
474 2839 532 2874 uel
557 2839 591 2873 A
619 2838 719 2874 uelut
743 2837 883 2874 Ba.r.S
954 2838 998 2872 26
1026 2840 1148 2873 nostra
1174 2837 1381 2872 Aa.e.m2D
