1884 3254
603 237 806 283 Epistula
831 237 912 272 XLI
937 238 1107 273 3-XLII
1135 239 1151 274 1
1554 244 1640 286 315

810 367 937 409 XLII.

200 458 276 502 AD
307 457 655 503 MARCELLAM
688 460 760 502 DE
792 459 1155 504 BLASPHEMIA
1186 460 1246 504 IN
1279 460 1550 506 SPIRITUM

520 529 787 575 SANCTUM
818 528 1236 575 INREMISSIBILI.

173 627 210 668 1.
243 626 395 669 Breuis
429 626 763 680 quaestiuncula,
798 639 923 680 quam
955 627 1128 679 misisti,
1161 630 1204 670 et
1235 630 1379 682 aperta
1417 630 1637 683 responsio

67 703 86 731 ⁵
113 699 190 739 est.
223 696 260 739 si
291 696 401 738 enim
429 696 480 739 de
507 709 569 749 eo,
598 696 710 750 quod
735 696 776 739 in
804 693 1023 752 euangelio
1059 697 1277 740 scribitur:
1312 698 1638 753 quicumque

46 1058 84 1085 v10

4 1418 83 1446 ·15

44 1774 82 1802 20

111 767 313 810 dixerit
345 768 567 810 uerbum
600 769 787 811 contra
818 768 999 810 filium
1032 768 1287 820 hominis,
1320 770 1640 812 remittetur

111 839 178 888 ei;
206 839 295 892 qui
323 840 501 881 autem
529 838 729 881 dixerit
754 841 942 882 contra
967 840 1224 894 spiritum
1252 842 1514 892 sanctum,
1540 853 1638 883 non

109 909 426 951 remittetur
452 909 500 952 ei
525 922 695 964 neque
720 910 771 952 in
798 909 894 952 hoc
923 910 1143 954 saeculo
1165 923 1336 964 neque
1362 910 1414 953 in
1434 911 1638 958 futuro,

106 978 372 1023 Nouatianus
410 979 605 1023 adfirmat
639 993 720 1023 non
747 993 882 1035 'posse
917 993 1090 1036 peccare
1127 981 1170 1023 in
1209 981 1405 1036 spiritum
1445 983 1636 1024 sanctum

114 1051 194 1093 nisi
226 1064 336 1103 eum,
369 1051 441 1106 qui
469 1050 733 1094 Christianus
767 1053 824 1093 sit
857 1054 899 1094 et
930 1055 1078 1107 postea
1108 1052 1340 1107 negauerit,
1366 1052 1637 1095 manifestum

109 1124 176 1164 est
204 1122 399 1172 Iudaeos,
433 1122 505 1176 qui
538 1135 585 1165 eo
619 1125 809 1178 tempore
840 1123 1207 1177 blasphemabant,
1235 1125 1408 1177 peccato
1442 1122 1637 1178 blasphe-

108 1193 217 1235 miae
247 1205 328 1235 non
359 1193 507 1244 teneri,
540 1193 694 1248 quippe
727 1194 814 1247 qui,
847 1193 951 1248 inpii
983 1194 1133 1245 coloni,
1159 1194 1394 1236 interfectis
1420 1194 1637 1249 prophetis

109 1263 158 1305 de
191 1276 291 1306 nece
325 1263 482 1306 domini
516 1264 760 1319 cogitabant
793 1266 836 1306 et
866 1264 907 1306 in
941 1266 1106 1306 tantum
1147 1267 1264 1306 erant
1300 1264 1468 1318 perditi,
1504 1267 1549 1306 ut
1585 1265 1638 1306 ad

108 1334 333 1376 saluandos
373 1347 444 1376 eos
486 1347 530 1376 se
569 1334 635 1376 dei
673 1333 787 1376 filius
826 1334 995 1377 uenisse
1032 1335 1309 1389 responderit.
1355 1335 1465 1377 unde
1505 1337 1548 1376 et
1585 1334 1637 1377 de

107 1407 197 1448 toto
234 1404 371 1459 ipsius
410 1405 642 1459 scripturae
675 1404 819 1447 ordine
857 1405 1133 1448 conuincendi
1171 1408 1284 1457 sunt,
1316 1419 1397 1448 non
1435 1405 1501 1447 his
1531 1405 1636 1448 inre-

108 1475 358 1518 missibilem
404 1475 561 1518 dictam
604 1475 930 1530 blasphemiam,
975 1476 1048 1530 qui
1093 1477 1313 1518 tormentis
1359 1476 1549 1530 conpulsi
1595 1478 1636 1517 et

108 1546 235 1588 uariis
277 1546 502 1589 euiscerati
547 1546 807 1589 cruciatibus
853 1546 1070 1589 dominum
1109 1547 1404 1602 denegassent,
1443 1547 1517 1589 sed
1554 1546 1635 1598 his,

106 1618 192 1672 qui,
225 1630 321 1660 cum
356 1617 526 1660 uideant
549 1618 591 1660 in
618 1617 850 1660 uirtutibus
885 1631 1010 1672 opera¹
1042 1617 1122 1669 dei,
1152 1618 1462 1660 calumnientur
1487 1620 1529 1660 et
1555 1618 1636 1660 cla-

106 1689 256 1731 mitent
287 1689 503 1732 daemonis
548 1702 642 1731 esse
686 1689 891 1731 uirtutem
938 1691 980 1731 et
1023 1689 1164 1731 omnia
1200 1689 1336 1744 signa,
1375 1702 1481 1743 quae
1523 1689 1636 1731 facta

108 1762 220 1811 sunt,
253 1773 332 1802 non
372 1760 423 1801 ad
462 1760 650 1802 diuinam
688 1759 1056 1814 magnificentiam,
1089 1759 1164 1802 sed
1201 1760 1253 1802 ad
1291 1759 1506 1802 diabolum
1543 1772 1634 1813 per-

226 1901 246 1933 5
272 1899 405 1934 Matth.
433 1899 487 1943 12,
515 1900 559 1934 32
636 1899 679 1933 12
706 1898 749 1934 c-f.
775 1898 908 1934 Matth.
934 1899 991 1943 21,
1019 1899 1159 1934 33—39
1232 1899 1275 1934 14
1296 1899 1340 1933 cf.
1359 1898 1490 1935 Matth.
1514 1899 1568 1941 15,
1588 1898 1635 1934 24

109 1959 151 1993 13
178 1958 221 1993 cf.
247 1958 378 1994 Matth.
407 1959 462 2000 12,
489 1958 534 1994 24
561 1958 629 1993 etc.

247 2066 283 2099 A
317 2081 360 2094 z
387 2064 641 2100 Berolinensis
667 2064 732 2099 lat.
758 2066 805 2099 17
829 2075 857 2098 s.
884 2064 958 2100 IX.

250 2124 288 2158 Π
317 2140 362 2154 =
392 2123 601 2158 Turicensis
625 2123 820 2168 Auqiensis
848 2125 898 2158 49
921 2134 950 2158 s.
976 2123 1051 2157 IX.

248 2183 286 2218 D
318 2199 361 2211 -—-
396 2182 602 2218 Vaticanus
628 2182 693 2216 lat.
719 2181 950 2227 355—1s-356
973 2193 1002 2217 s.
1028 2181 1191 2216 IX—X.

249 2242 284 2276 B
317 2258 360 2271 Ξ
387 2242 637 2277 Berolinensis
661 2241 728 2275 lat.
755 2244 803 2276 18
826 2252 854 2276 s.
882 2241 978 2276 XII.

153 2357 175 2391 2
201 2356 246 2391 ad
273 2357 476 2392 marcellam
506 2357 550 2392 de
576 2357 799 2403 blasphemia
827 2358 862 2391 in
890 2358 1056 2402 spiritum
1083 2359 1246 2392 sanctum
1273 2356 1529 2392 inremissibile
1553 2357 1634 2402 (inr.

104 2425 173 2449 om.
202 2416 251 2461 Π)
277 2415 390 2451 ΑΠΙ)
427 2415 473 2451 ad
510 2416 729 2459 marcellam,
768 2415 944 2462 quomodo
984 2419 1080 2451 esset
1111 2415 1399 2461 respondendum
1431 2415 1475 2450 de
1505 2415 1634 2460 spiritu

105 2478 229 2510 sancto
264 2478 388 2510 contra
420 2476 636 2511 nouatianos
664 2480 700 2511 et
726 2475 770 2511 de
796 2475 1020 2521 blasphemia
1046 2475 1082 2510 in
1114 2475 1243 2520 spiritu
1271 2477 1396 2510 sancto
1422 2475 1476 2518 B;
1500 2474 1633 2509 Hiero-

107 2534 206 2578 nymi
230 2544 361 2569 nomen
385 2534 526 2570 exhibet
552 2535 681 2570 titulus
699 2535 742 2570 in
760 2535 796 2569 B
843 2535 867 2570 4
885 2534 1005 2570 breuis
1026 2536 1082 2569 est
1099 2546 1123 2579 g
1195 2534 1446 2579 questiuncule
1466 2534 1635 2578 Bp.c.m2

105 2593 150 2627 ad
177 2594 487 2638 quaestiunculam
516 2594 553 2629 11
645 2594 738 2640 mis.]
768 2594 855 2629 add.
883 2596 919 2629 et
945 2594 1095 2629 obscura
1120 2594 1161 2629 in
1185 2605 1255 2639 my.
1277 2595 1340 2628 m2
1365 2593 1401 2627 B
1475 2594 1493 2627 7
1521 2594 1633 2627 sanct.

107 2652 190 2696 spir.
217 2653 253 2686 B
339 2653 384 2688 10
410 2654 552 2699 postea]
581 2654 701 2699 posita
726 2653 772 2697 (it
795 2654 836 2688 in
861 2664 936 2688 ras.
962 2655 1040 2697 m2)
1066 2653 1104 2688 D
1196 2653 1236 2687 11
1266 2664 1306 2687 eo
1332 2652 1369 2686 in
1395 2652 1431 2686 B
1519 2651 1561 2685 13
1588 2650 1632 2685 ad

32 2756 35 2757 ⁷
106 2711 152 2754 B,
179 2722 246 2748 om.
274 2716 336 2747 cet.
436 2713 480 2747 14
507 2714 544 2747 et
568 2723 636 2748 om.
662 2712 698 2747 B
796 2713 840 2746 15
866 2723 932 2747 scr.
958 2712 1026 2758 ips.
1052 2712 1128 2747 AD
1237 2710 1504 2746 conuincendus
1531 2712 1586 2744 est
1609 2721 1633 2753 g

108 2770 151 2804 16
178 2769 311 2805 dictam
338 2781 415 2806 esse
441 2771 477 2815 B
503 2782 580 2806 esse
606 2771 740 2806 dictam
765 2782 790 2816 g
882 2772 924 2806 17
950 2773 1148 2816 negassent
1172 2771 1342 2805 Ba.‹:.m2
1418 2768 1459 2803 18
1486 2769 1523 2803 in
1549 2769 1632 2803 uirt.

107 2828 178 2862 uid.
205 2841 228 2873 ς
303 2830 345 2864 19
372 2829 529 2864 demonii
555 2830 591 2864 B
663 2830 710 2865 20
736 2830 801 2865 alt.
827 2830 872 2865 ad
898 2840 925 2865 8.
954 2830 981 2865 l.
1005 2832 1067 2865 m2
1093 2831 1127 2864 A
