1884 3254
269 223 322 264 14
813 220 964 255 Sancti
988 217 1241 263 Hieronymi

266 362 403 392 meam
426 351 592 394 labasse
625 350 885 393 sententiam.
917 361 1011 391 nam
1038 360 1132 389 eum
1161 348 1204 388 et
1228 346 1404 400 patriam
1431 347 1548 390 tuam
1574 345 1787 401 ignoraret
1850 359 1853 364 ·

268 422 312 462 et
339 432 502 470 nomen,
527 420 569 462 in
602 433 650 462 eo
681 420 779 475 plus
817 421 981 462 tantum
1022 416 1247 459 uidebatur
1286 415 1459 467 adferre,
1494 416 1608 472 quod
1641 415 1787 459 eadem'

269 488 499 541 adserebat‚
532 502 636 544 quae
661 490 744 532 iam
770 489 879 532 alius
903 488 1175 531 indicauerat.
1202 485 1370 528 tandem
1396 487 1568 541 plenum
1593 485 1789 528 ueritatis

270 559 433 614 pondus
466 560 623 613 erupit3
657 558 851 601 Rufinum
886 559 996 600 enim
1022 554 1183 599 Nitriae
1215 568 1309 598 esse
1340 557 1383 598 et
1414 556 1467 597 ad
1497 546 1670 599 beatum
1699 568 1791 610 per-

269 629 424 671 rexisse
454 629 684 671 Macarium
718 629 860 670 erebra
886 626 1195 669 eonmeantium
1217 625 1453 683 multitudo
1477 626 1696 670 referebat.
1721 626 1791 668 hio
1823 628 1850 665 b

270 711 371 741 uero
402 701 493 740 tota
524 698 787 740 credulitatis
818 698 935 740 frena
964 696 1102 739 laxaui
1136 698 1179 738 et
1201 697 1302 738 tune
1327 708 1428 738 uere
1453 698 1673 752 aegrotum
1697 703 1793 739 esse

271 781 338 810 me
375 768 504 810 dolui.
537 770 580 810 et
615 768 697 810 nisi
734 780 800 810 me
838 768 1087 810 adtenuatae
1125 766 1310 820 corporis
1340 766 1453 809 uires
1485 767 1664 821 quadam
1697 775 1796 809 οων

270 838 375 894 pede
399 837 726 893 praepedissent,
746 850 822 880 nec
842 837 1004 880 mediae
1028 837 1170 896 feruor
1194 836 1368 879 aestatis
1394 849 1472 879 nec
1495 836 1795 892 nauigantibus

273 921 438 962 semper
466 909 671 950 incertum
702 921 817 950 mare
845 908 917 962 pia
946 907 1213 950 festinatione
1245 907 1450 962 gradienti
1480 907 1690 950 ualuisset
1725 907 1796 950 ob'-

274 979 433 1021 sistere.
465 979 608 1021 credas
640 978 744 1020 mihi
774 979 919 1029 uelim,
949 979 1090 1028 frater,
1121 990 1201 1020 non
1234 978 1296 1020 sic
1326 979 1580 1032 tempestate
1609 978 1795 1021 iactatus
1818 980 1866 1017 ιο-

272 1051 442 1103 portum
478 1051 607 1090 nauta
642 1050 896 1103 prospectat,
928 1061 1010 1090 non
1048 1048 1111 1090 sie
1147 1048 1337 1090 sitientia
1371 1048 1528 1090 imbres
1560 1060 1661 1090 arua
1690 1047 1798 1090 desia

277 1119 432 1169 derant,
470 1131 548 1161 non
587 1121 648 1161 sic
687 1131 816 1161 curuo
849 1119 1045 1161 adsidens
1082 1119 1199 1161 litori
1236 1119 1355 1160 anxia
1391 1118 1524 1160 filium
1563 1120 1697 1161 mater
1732 1131 1799 1167 ex,-

276 1192 429 1244 pectat.
1881 1203 1884 1254 ἶ

338 1262 378 1302 3.
402 1261 634 1314 Postquam
661 1274 726 1302 me
758 1273 781 1302 a
812 1263 886 1303 tuo
916 1260 1047 1302 latere
1078 1260 1246 1303 subitus
1277 1260 1400 1302 turbo
1427 1260 1660 1309 conuoluit,
1684 1261 1800 1314 post*
1882 1255 1884 1295 ¹

279 1342 404 1383 quam
435 1330 598 1384 glutino
631 1330 818 1372 caritatis
850 1331 1087 1372 haerentem
1112 1329 1227 1384 inpia
1251 1329 1446 1372 distraxit
1467 1329 1648 1380 auulsio‚
1672 1331 1800 1372 tuno
1823 1332 1864 1375 13

279 1399 412 1442 mihi
437 1401 725 1442 caeruleus
753 1413 909 1455 supra
929 1403 1079 1454 eaput
1104 1400 1629 1452 adstititimber,tune
1649 1399 1802 1442 maria

281 1471 498 1524 undique
518 1473 644 1513 etun
658 1471 811 1525 dique
832 1471 1042 1513 caelum.
1055 1470 1224 1513 tandem
1234 1470 1445 1513 inincerto
1456 1462 1802 1526 peregrinationis

283 1542 450 1588 erranti,
471 1554 567 1584 eum
592 1554 659 1583 me
679 1541 868 1592 Thracia,
894 1542 1053 1584 Pontus
1074 1543 1200 1594 atque
1220 1541 1420 1596 Bithynia
1437 1530 1662 1595 totumque
1681 1537 1804 1584 G'ralw¹

282 1612 366 1653 tiae
386 1611 455 1653 uel
475 1611 759 1666 Cappadociae
777 1612 858 1654 iter
877 1614 919 1654 et
936 1612 1098 1654 feruido
1120 1611 1300 1654 Cilicum
1317 1614 1428 1654 terra
1446 1611 1645 1667 fregisset
1667 1613 1802 1661 aestu,

285 1681 403 1736 Syria
435 1682 538 1724 mihi
570 1684 689 1724 uelut
717 1682 950 1724 fidissimus
981 1682 1182 1737 naufrago
1215 1683 1361 1736 portus
1393 1683 1587 1725 occurrit.
1618 1682 1694 1724 ubi
1723 1694 1802 1739 ego
1825 1694 1864 1728 ω

285 1753 484 1806 quiequid
508 1753 747 1795 morborum
769 1765 860 1795 esse
880 1754 1046 1807 poterat
1064 1754 1258 1807 expertus
1279 1765 1301 1794 e
1321 1752 1486 1795 duobus
1512 1752 1646 1795 oculis
1671 1765 1803 1796 unum

407 1959 450 1994 12
477 1959 521 1995 of.
547 1959 632 1994 Hor.
659 1971 763 1995 carm.
789 1960 838 1994 1v
865 1962 898 2004 5,
927 1960 970 1994 14
1061 1959 1105 1994 15
1131 1959 1237 2004 Verg.
1263 1944 1434 1994 Aen.'111
1461 1959 1528 1994 194
1628 1959 1670 1995 16
1697 1959 1806 2004 Verg.

288 2018 375 2053 Aen.
402 2018 433 2053 V
458 2019 479 2053 9

339 2145 355 2179 1
383 2148 421 2179 et
445 2155 522 2180 cum
550 2144 622 2181 &A
765 2146 786 2180 2
811 2146 893 2192 plus
917 2148 1036 2180 tamen
1068 2144 1099 2180 O
1122 2145 1203 2191 plus
1228 2146 1273 2180 K
1293 2147 1414 2180 tamen
1439 2146 1520 2192 plus
1545 2157 1570 2190 g
1683 2147 1705 2181 5
1730 2156 1807 2180 ma-

290 2203 448 2238 charium
474 2204 576 2239 codd.
698 2205 718 2239 6
744 2205 882 2240 laxauit
906 2203 978 2240 2121
1122 2215 1178 2239 me
1205 2215 1283 2239 esse
1302 2205 1338 2239 B
1361 2206 1543 2250 (egrotum
1567 2215 1625 2239 me
1650 2205 1692 2239 in
1714 2208 1807 2250 ηιμ),

290 2261 338 2307 eft
444 2263 463 2297 7
491 2263 670 2298 attenuati
693 2275 718 2308 ς
837 2264 995 2310 corporis
1019 2274 1088 2299 om.
1113 2263 1157 2298 K
1254 2264 1276 2299 8
1303 2263 1422 2298 media.
1447 2262 1518 2300 2121
1639 2264 1748 2299 etatis
1772 2264 1810 2298 Β

291 2323 422 2356 a.c.m2
482 2322 589 2367 9'pia
614 2333 692 2357 eum
721 2323 767 2358 Oc
861 2322 1050 2368 gradiendi
1074 2322 1118 2357 K
1121 2322 1150 2357 O
1175 2322 1349 2368 gratienti
1374 2322 1410 2358 at
1434 2322 1617 2368 grauienti
1641 2323 1736 2360 Aa.c
1748 2325 1810 2358 m2

291 2380 471 2424 potuisset
501 2378 572 2415 ‘HA
694 2381 736 2416 10
768 2382 891 2416 uellim
917 2381 966 2422 K.
999 2392 1065 2416 om.
1098 2382 1132 2426 ef
1248 2382 1290 2416 12
1322 2393 1388 2417 nee
1416 2395 1441 2428 g
1566 2383 1604 2417 in
1635 2393 1744 2417 curuo
1769 2381 1812 2416 K

292 2437 459 2486 adsidens
485 2450 551 2474 om.
577 2438 621 2473 K
723 2440 839 2474 littori
863 2439 947 2476 ΒΟι
972 2440 1076 2475 litore
1101 2440 1146 2475 K
1233 2442 1279 2476 14
1303 2442 1490 2476 conuoluit
1514 2439 1587 2476 &A
1611 2440 1812 2476 conuolluit

291 2495 335 2530 K
356 2497 535 2533 conuulsit
561 2501 622 2533 cet.
710 2500 753 2533 15
781 2499 937 2533 detraxit.
961 2499 1004 2533 K
1075 2500 1117 2534 16
1143 2500 1265 2534 astitit
1289 2500 1393 2537 codd.
1413 2503 1565 2545 praeter
1587 2499 1633 2534 K
1705 2499 1807 2544 tunc]

295 2554 382 2590 add.
407 2556 495 2590 mihi
521 2558 628 2601 (exp.)
647 2556 690 2591 K
772 2559 814 2593 17
842 2558 930 2593 cael.
956 2558 1039 2592 und.
1066 2559 1102 2593 A
1222 2561 1344 2593 tamen
1363 2558 1536 2594 Ka.c.m2
1653 2556 1808 2604 incerto]

295 2614 381 2648 add.
407 2614 465 2649 uie
491 2618 528 2649 et
558 2615 588 2650 0
666 2616 710 2651 18
735 2617 876 2651 trachia
901 2617 1057 2662 ABOefa
1081 2617 1099 2652 ‘z‘
1126 2616 1160 2652 91
1280 2618 1418 2652 Pontus
1443 2629 1511 2653 om.
1537 2617 1581 2652 K
1685 2617 1809 2664 atque]

295 2682 363 2708 om.
389 2674 425 2707 A
451 2673 468 2708 ‘t‘
494 2671 528 2709 21
660 2674 801 2719 bytinia
825 2674 900 2709 KA
925 2675 1057 2710 bitinia
1080 2675 1117 2710 B
1142 2676 1160 2711 5³
1187 2675 1221 2711 at
1245 2675 1405 2711 bithinia
1428 2680 1490 2713 cet.
1618 2678 1735 2711 totum
1759 2677 1811 2712 Ba·

297 2730 341 2764 19
367 2731 439 2775 uel]
467 2742 534 2766 om.
560 2733 596 2767 A
623 2735 658 2767 et
681 2744 706 2777 g
729 2732 747 2769 ἵ)
768 2732 802 2768 Ἡ
908 2733 1067 2769 feruidus
1093 2734 1143 2770 Βι
1168 2734 1309 2770 feruida
1333 2735 1368 2780 cf
1476 2734 1633 2770 cilicium
1659 2735 1695 2769 A
1720 2735 1814 2770 caeli

296 2799 374 2822 cum
399 2788 443 2823 K
464 2790 612 2835 cylicum
638 2801 653 2826 c
751 2793 872 2827 aestus
898 2791 1004 2838 QIAef
1029 2795 1126 2827 estus
1151 2793 1202 2829 Βι
1227 2796 1264 2828 et
1289 2797 1408 2829 aestus
1434 2793 1478 2828 K
1546 2794 1588 2829 21
1617 2805 1658 2828 ex
1681 2805 1706 2838 ς
