1884 3254
162 669 183 702 [ὓ

220 327 306 369 646
770 322 925 357 Sancti
950 320 1203 366 Hieronymi

221 453 516 495 neratione.
556 453 842 505 propterea
877 449 1066 503 populi
1106 442 1524 492 confitebuntur
1555 449 1657 492 tibi
1690 451 1739 492 in

221 523 498 566 saeculum
537 525 586 564 et
630 521 679 563 in
721 521 1008 562 aeternum.
1049 519 1161 573 quod
1190 531 1266 562 nos
1297 519 1559 574 interpretati
1591 533 1740 564 sumus

223 592 640 636 confitebuntur
687 590 805 640 tibi,
859 589 1137 644 Symmachus
1179 590 1400 632 transtulit
1441 591 1742 633 laudabunt

220 667 281 706 te.
313 662 468 718 regina,
491 673 607 715 quae
639 662 818 710 steterat,
845 672 870 702 a
901 660 1056 705 dextris
1081 660 1194 722 regis
1219 661 1260 702 in
1287 661 1449 703 uestitu
1476 661 1674 703 deaurato
1700 664 1743 705 et

219 734 335 776 iussa
373 733 510 774 fuerat
547 731 743 774 obliuisci
780 730 927 785 populi
965 732 1008 772 et
1045 730 1195 773 domus
1233 731 1364 785 patris
1404 731 1470 773 sui
1508 733 1551 773 et
1589 732 1742 774 iterum
1764 742 1804 771 vr>

219 804 283 846 illi
308 803 467 845 dictum
495 804 603 844 erat:
629 814 722 855 pro
754 801 1006 855 patribus
1038 800 1151 843 tuis
1182 801 1295 843 nati
1322 803 1447 844 sunt
1477 801 1581 844 tibi
1607 802 1740 852 filii;

221 873 530 916 constitues
557 885 646 915 eos
673 870 952 926 principes
980 882 1139 924 super
1164 881 1363 913 omnem
1389 874 1597 923 terram,
1616 872 1743 915 intel-

219 945 378 1000 legens,
418 946 572 997 quanta
603 942 835 985 decoranda
867 941 924 984 sit
955 941 1088 997 gloria
1119 943 1162 984 et
1192 941 1346 996 quibus
1376 942 1573 997 praemiis
1605 943 1743 986 suble-

220 1015 369 1066 uanda,
409 1014 616 1057 conuertit
654 1013 704 1054 ad
743 1025 945 1068 sponsum
983 1024 1111 1054 uoces
1150 1025 1249 1055 suas
1282 1014 1325 1054 et
1355 1013 1581 1067 pollicetur
1610 1026 1744 1056 recor-

221 1085 411 1127 daturam
456 1097 501 1126 se
545 1096 712 1138 semper
747 1082 929 1125 nominis
977 1083 1119 1137 sponsi
1161 1082 1202 1124 in
1242 1083 1354 1125 omni
1397 1083 1663 1138 generatione
1701 1086 1744 1128 et
1766 1093 1806 1122 10

221 1155 498 1211 generatione.
531 1154 642 1208 quod
672 1154 880 1209 promisit,
913 1153 1107 1196 uidemus
1134 1154 1358 1208 expletum.
1387 1154 1480 1209 ipsa
1507 1154 1743 1198 Christiana

220 1226 341 1268 nobis
373 1225 568 1268 omnibus
602 1224 930 1268 Christianorum
962 1236 1114 1266 nomen
1151 1224 1354 1278 inposuit,
1387 1237 1537 1267 nornen
1570 1237 1741 1277 nouum,

219 1297 261 1338 in
288 1309 369 1350 quo
394 1296 699 1338 benedicuntur
724 1307 867 1338 omnes
891 1294 1076 1337 familiae
1102 1294 1304 1350 gentium.
1335 1295 1577 1337 recordatur
1600 1297 1742 1338 autem

219 1379 300 1408 non
337 1367 379 1408 in
411 1380 494 1408 una
526 1366 805 1421 generatione,
844 1365 990 1407 sed-in
1024 1365 1231 1416 omnibus,
1276 1365 1346 1407 uel
1378 1367 1550 1407 cunctas
1582 1365 1742 1420 signifi-

221 1450 318 1480 cans
355 1438 545 1480 nationes
575 1438 647 1479 uel
677 1437 782 1479 duas
814 1436 1116 1491 generationes,
1156 1436 1408 1478 Iudaeorum
1447 1439 1572 1490 atque
1609 1437 1740 1492 genti·
1764 1445 1803 1474 15
1855 1446 1861 1485 ξ

219 1508 339 1550 lium.
385 1510 428 1550 et
470 1508 568 1561 quia
610 1508 689 1550 hoo
731 1520 878 1562 parum
923 1509 1000 1558 est,
1045 1507 1081 1548 si
1117 1507 1159 1548 in
1198 1506 1360 1549 duabus
1399 1507 1741 1561 generationibus

221 1579 402 1620 nominis
439 1578 597 1620 domini
632 1577 885 1628 recordetur,
923 1579 1144 1631 propterea
1179 1577 1339 1631 populi,
1377 1577 1447 1630 qui
1484 1577 1526 1619 in
1565 1578 1743 1620 ecclesia

220 1649 388 1700 fuerint,
426 1647 736 1690 confitebuntur
772 1650 813 1690 et
848 1647 1082 1690 laudabunt
1118 1647 1332 1689 dominum
1369 1647 1412 1689 in
1449 1639 1662 1690 aeternum
1701 1650 1743 1691 et

221 1719 263 1760 in
296 1720 514 1761 saeculum
546 1719 717 1761 saeculi.

283 1789 458 1841 Quando
485 1792 527 1832 et
551 1791 611 1840 tu,
640 1802 662 1831 o
689 1789 776 1831 filia
800 1789 1025 1844 Principia,
1052 1791 1294 1831 sanctorum
1325 1788 1452 1830 mixta
1485 1788 1609 1831 choro
1633 1789 1742 1831 inter
1764 1798 1804 1828 ao

222 1859 407 1916 uirgines
452 1860 616 1902 duceris
661 1860 712 1901 ad
754 1873 896 1915 regem
944 1862 985 1901 et
1032 1872 1079 1901 ex
1111 1859 1305 1901 domibus
1338 1859 1531 1901 eburneis
1563 1860 1742 1901 delecta-

222 1931 287 1972 bis
338 1943 540 1985 sponsum
590 1931 628 1972 in
681 1930 835 1972 honore
883 1932 972 1981 tuo,
1022 1931 1125 1972 tunc
1172 1930 1387 1972 recordare
1432 1931 1474 1972 et
1522 1929 1618 1980 mei,
1670 1930 1742 1984 qui

222 2002 348 2044 huius
398 2002 551 2055 psalmi
603 2001 682 2043 tibi
733 2001 899 2043 domino
950 2001 1164 2043 reuelante
1217 2001 1547 2055 intellegentiam
1596 2001 1740 2052 tribui,

225 2075 266 2114 et
317 2072 466 2114 dicito:
517 2084 712 2114 memor
760 2085 847 2114 ero
897 2071 1129 2114 nominis
1181 2072 1274 2123 tui,
1324 2074 1386 2123 ut,
1432 2083 1537 2125 quae
1580 2074 1741 2126 partem

341 2222 362 2256 3
389 2222 466 2259 *Ps.
494 2223 552 2257 44.
580 2222 622 2256 18
696 2222 718 2255 4
745 2221 787 2256 cf.
814 2222 872 2258 Ps.
898 2219 1121 2263 44,’10—11
1197 2222 1218 2257 6
1242 2221 1302 2257 Ps.
1327 2222 1383 2263 44,
1407 2222 1449 2256 17
1520 2221 1562 2256 13
1583 2221 1629 2258 cf.
1652 2220 1741 2256 Gen.

226 2282 279 2324 12,
306 2282 327 2315 3
400 2281 442 2314 21
472 2280 514 2315 cf.
539 2281 598 2315 Ps.
624 2280 683 2322 44,
709 2281 825 2315 9—10
898 2281 943 2315 24
969 2280 1048 2316 *1)5.
1072 2280 1131 2325 44,
1160 2280 1203 2314 18

273 2377 290 2410 1
321 2375 440 2410 confit.
465 2375 532 2409 tibi
559 2386 641 2421 pop.
667 2386 692 2419 g
798 2374 954 2410 in—tibi
979 2375 1021 2409 in
1043 2386 1110 2419 my.
1136 2374 1178 2408 X
1266 2375 1287 2409 2
1314 2385 1402 2418 quos
1434 2373 1485 2408 W
1588 2373 1609 2408 3
1634 2374 1741 2409 sima-

225 2435 310 2470 chus
342 2434 394 2468 W
413 2434 603 2469 simmacus
628 2434 663 2468 Β
770 2435 794 2468 4
818 2436 855 2468 te
882 2444 949 2469 om.
981 2433 1033 2469 W
1123 2433 1270 2479 reginae
1294 2433 1343 2467 M
1428 2434 1601 2468 *steterat
1625 2433 1677 2477 (et
1701 2433 1743 2468 in

223 2505 298 2530 ras.
324 2495 400 2536 m2)
426 2493 461 2527 Β
487 2495 542 2528 est
568 2495 605 2527 et
631 2495 707 2528 erat
731 2492 823 2527 LW
915 2493 950 2538 a]
979 2491 1023 2527 ad
1054 2491 1103 2527 W
1191 2494 1212 2528 6
1238 2492 1328 2538 erat]
1356 2494 1412 2527 est
1436 2491 1541 2536 Xp.c.
1634 2492 1654 2526 7
1682 2503 1741 2527 eos

225 2564 293 2588 om.
323 2551 420 2587 WM
511 2552 532 2586 8
559 2554 692 2596 quanto
724 2550 775 2586 W
891 2550 1092 2586 decorando
1119 2551 1154 2585 Β
1274 2550 1402 2596 gloria]
1431 2550 1518 2584 add.
1544 2549 1743 2585 decoranda

224 2623 251 2646 8.
279 2612 301 2646 l.
327 2611 426 2646 m2B
497 2611 517 2645 9
546 2610 813 2645 recordaturum
839 2610 873 2644 L
953 2610 997 2645 10
1023 2611 1061 2644 et
1085 2609 1317 2654 generatione
1342 2619 1370 2644 s.
1398 2609 1421 2644 l.
1447 2607 1547 2643 m2B
1572 2611 1609 2643 et
1634 2619 1742 2654 gene-

225 2670 354 2705 rationi
384 2669 436 2704 W
529 2670 569 2704 11
598 2669 753 2703 uidimus
774 2669 988 2703 -Xa.c.m2B
1091 2668 1135 2703 12
1161 2669 1320 2703 omnium
1345 2668 1387 2702 X
1504 2667 1570 2702 alt.
1595 2667 1740 2712 nornen]

224 2729 359 2763 nomini
390 2728 441 2763 W
509 2728 553 2763 13
578 2727 838 2763 benedicentur
861 2727 932 2762 LB
1006 2728 1049 2762 14
1074 2727 1148 2772 uel]
1176 2727 1261 2762 add.
1286 2726 1323 2762 in
1348 2726 1432 2771 L,B
1457 2727 1578 2771 (erae.)
1648 2726 1742 2771 sign.

225 2787 312 2832 nat]
345 2787 626 2833 significationes
659 2788 701 2828 (s.
734 2787 756 2822 l.
787 2789 850 2822 m2
881 2787 1054 2831 generati,
1084 2786 1163 2821 scil.
1194 2785 1377 2831 significat
1406 2785 1671 2831 generationes)
1697 2784 1747 2819 M

228 2848 270 2881 16
297 2847 325 2880 si
351 2847 402 2891 iu]
428 2846 481 2880 sin
506 2847 542 2880 B
567 2849 608 2880 ut
632 2848 676 2889 (s.
703 2847 726 2881 l.
745 2847 821 2889 m2)
845 2846 881 2880 in
908 2846 954 2880 M
1063 2845 1103 2880 17
1130 2844 1377 2880 recordaretur
1402 2845 1442 2878 X
1538 2844 1580 2878 18
1606 2834 1684 2878 fuer
1707 2842 1742 2877 L

226 2905 367 2939 domino
399 2905 447 2939 W
470 2905 574 2940 deum
599 2906 634 2939 Β
701 2905 744 2939 21
773 2904 958 2940 deduceris
983 2905 1019 2939 B
1085 2904 1131 2939 23
1158 2904 1330 2949 psalmum
1357 2904 1393 2937 B
1472 2903 1516 2937 24
1543 2905 1579 2937 et
1604 2912 1670 2938 om.
1697 2901 1742 2936 M
