1884 3254
288 219 374 260 204
836 212 992 251 Sancti
1019 210 1274 256 Hieronymi

228 347 250 381 4
290 347 391 388 ettu
407 355 499 387 esse
514 345 646 385 mater
662 339 830 383 domini.
852 339 1025 393 accipe
1045 337 1142 380 tibi
1162 340 1346 380 tomum
1364 350 1610 393 magnum,
1630 350 1812 383 nouum

289 418 336 458 et
357 413 580 457 scribein
599 424 654 454 eo
670 411 791 453 stilo
807 409 1024 452 hominis
1039 408 1290 451 uelociter
1309 407 1476 464 spolia
1496 408 1811 452 detrahentis

289 487 343 536 et,
376 496 472 527 cum
505 481 730 525 accesseris
764 479 816 522 ad
846 478 1153 533 prophetissam
1186 480 1230 520 et
1261 479 1500 533 conceperis
1537 478 1579 520 in
1616 480 1736 522 utero
1769 480 1812 522 et

289 554 497 609 pepereris
522 552 673 602 filium,
701 550 834 592 dieze.
858 549 1050 591 timore
1080 550 1188 601 tuo,
1215 548 1437 600 domine,
1465 549 1811 604 concepimus

289 627 339 667 et
375 622 649 666 doluimus
694 622 745 663 et
787 619 1118 674 peperimus3
1170 619 1429 674 spiritum
1471 620 1809 663 saluationis
1854 633 1872 662 ⁵

290 699 410 736 tuae
449 693 679 735 fecimus
720 702 879 745 super
915 691 1126 738 terram.
1157 691 1259 732 tunc
1290 692 1332 733 et
1362 689 1476 733 filius
1508 692 1610 733 tuus
1641 690 1721 733 tibi
1751 700 1812 734 re-

229 774 249 807 5
289 763 512 819 spondebit
543 764 586 805 et
618 761 747 804 dicet:
788 772 909 803 ecce
946 762 1116 802 mater
1151 772 1260 802 mea
1299 763 1351 803 et
1387 759 1584 804 fratres
1622 761 1733 805 mei.
1769 763 1813 805 et

288 835 440 877 mirum
471 834 513 876 in
544 833 717 876 modum
754 831 841 882 ille,
874 843 999 885 quem
1035 831 1078 872 in
1108 830 1334 873 latitudine
1370 832 1554 885 pectoris
1587 831 1653 874 tui
1683 831 1810 888 paulo

285 908 379 948 ante
412 905 709 958 descripseras,
737 915 868 956 quemv
887 902 929 944 in
961 901 1149 944 nouitate
1181 901 1318 944 cordis
1352 902 1450 945 stilo
1475 902 1648 945 uolante
1673 903 1812 958 signa-
1878 932 1880 934 -

286 987 420 1027 ueras,
452 976 681 1028 postquam
718 972 853 1028 spolia
891 985 938 1015 ex
975 972 1171 1015 hostibus
1211 972 1383 1027 ceperit,
1414 974 1643 1027 postquam
1681 973 1808 1017 denu·
1834 983 1870 1012 ιο

287 1045 450 1089 dauerit
468 1045 730 1100 principatus
753 1045 795 1087 et
812 1045 1048 1097 potestates
1071 1044 1114 1085 et
1132 1042 1322 1086 adfixerit
1340 1055 1410 1086 eas
1431 1044 1559 1094 cruci,
1581 1046 1809 1099 conceptus

287 1116 492 1158 adolescit
521 1117 563 1158 et
587 1114 720 1157 maior
745 1114 920 1157 effectus
947 1123 1144 1169 sponsam
1167 1115 1211 1156 te
1236 1113 1385 1168 incipit
1407 1113 1561 1157 habere
1588 1114 1638 1157 de
1662 1116 1810 1158 matre.

227 1193 248 1228 6
287 1186 452 1242 grandis
478 1186 609 1237 labor,
636 1185 711 1228 sed
737 1184 890 1240 grande
914 1185 1147 1239 praemium
1179 1196 1286 1237 esse,
1314 1184 1675 1240 quod'martyras‚
1700 1197 1809 1237 esse,

287 1257 398 1312 quod
429 1257 659 1311 apostolos,
686 1268 793 1308 esse,
821 1251 1152 1310 quod'Ghristus
1178 1257 1257 1299 est.
1283 1261 1391 1310 quae
1417 1255 1587 1310 quidem
1612 1256 1811 1299 uniuersa

284 1331 385 1371 tunc
417 1329 604 1382 prosunt,
636 1340 733 1370 cum
762 1327 806 1369 in
838 1326 1016 1380 ecclesia
1046 1326 1167 1379 fiunt,
1193 1339 1291 1369 cum
1320 1326 1363 1368 in
1395 1339 1479 1389 una
1503 1326 1627 1369 domo
1651 1326 1810 1381 pascha
1833 1335 1870 1366 15

286 1398 558 1449 celebramus,
597 1398 634 1440 si
670 1409 808 1439 arcam
844 1397 1104 1452 ingredimur
1140 1409 1237 1439 cum
1273 1397 1315 1439 N
1317 1409 1379 1448 oe,
1413 1397 1449 1438 si
1479 1398 1678 1451 pereunte
1707 1397 1807 1440 Hic-

227 1470 246 1504 7
285 1469 398 1511 richo
431 1469 546 1511 Raab
582 1467 812 1511 iustificata
847 1480 922 1510 nos
961 1468 1161 1510 continet.
1199 1469 1384 1510 ceterum
1422 1467 1621 1523 uirgines,
1661 1468 1806 1522 quales

285 1539 396 1594 apud
438 1539 625 1580 diuersas
661 1538 829 1580 hereses
868 1540 910 1580 et
951 1539 1098 1592 quales
1147 1538 1260 1593 apud
1306 1538 1625 1592 inpurissimum
1674 1537 1807 1581 Mani-

406 1699 423 1734 1
452 1692 569 1734 *Esai.
596 1700 629 1742 8,
658 1699 675 1734 1
751 1699 772 1734 3
800 1698 843 1734 cf.
868 1698 967 1734 Esai.
993 1699 1026 1740 8,
1053 1699 1074 1734 3
1147 1699 1170 1734 4
1196 1698 1312 1734 *Esai.
1338 1699 1396 1740 26,
1423 1699 1468 1735 18
1543 1700 1562 1734 7
1589 1699 1720 1735 Matth.
1749 1700 1805 1741 12,
1853 1727 1856 1730 ⁴

284 1759 330 1794 49
357 1760 424 1793 etc.
493 1758 514 1792 8
541 1757 584 1793 cf.
610 1758 667 1792 III
692 1758 780 1803 Reg.
805 1757 839 1801 4,
866 1758 910 1793 29
975 1758 1019 1793 10
1046 1756 1089 1792 cf.
1112 1756 1186 1793 Col.
1214 1758 1247 1802 2,
1276 1758 1330 1792 15.
1359 1758 1404 1793 14
1466 1757 1509 1793 16
1536 1757 1580 1793 cf.
1609 1757 1699 1794 Gen.
1726 1769 1806 1806 cap.

285 1818 377 1853 6-—8
473 1817 519 1853 cf.
537 1817 609 1852 Ios.
633 1818 667 1861 6,
695 1817 737 1851 17
765 1818 801 1852 et
826 1817 871 1852 25

335 1901 351 1934 1
380 1902 417 1935 et
441 1901 504 1935 tue
533 1901 575 1942 Φ,
601 1910 668 1937 om.
695 1900 736 1934 H
860 1902 948 1935 mat.
974 1909 1052 1934 esse
1077 1900 1114 1934 Β
1233 1900 1398 1935 thomum
1422 1900 1574 1945 H,Zp.c.
1600 1900 1744 1936 domum
1775 1901 1808 1936 Φ
1881 1924 1884 1925 ⁷

285 1970 403 2005 magn.
428 1969 510 1993 nou.
536 1969 605 1994 om.
635 1960 666 1993 Φ
761 1959 782 1993 2
809 1969 888 1994 eum
914 1959 1002 2002 D,B
1027 1960 1147 2003 (corr.)
1234 1961 1272 1993 et
1296 1959 1412 2004 spolia
1441 1960 1474 1993 Φ
1567 1958 1746 1995 trahentis
1775 1961 1808 1995 Φ

286 2018 477 2052 detrahens
502 2018 524 2052 k
549 2017 697 2052 detrahe
721 2017 876 2062 D,Bp.c.
949 2018 971 2053 3
997 2017 1089 2063 cum]
1115 2019 1306 2063 postquam
1330 2029 1354 2062 g
1426 2017 1471 2052 ad
1497 2028 1565 2053 om.
1595 2019 1628 2053 Φ
1697 2019 1721 2054 4
1744 2029 1807 2064 pe·
1878 2038 1884 2049 -,

286 2077 378 2122 peris
404 2076 476 2111 ΣΨ
499 2077 629 2122 (coron),
654 2077 730 2111 ΒΦ
754 2076 879 2122 peperi
902 2076 949 2111 H
969 2077 1086 2122 paries
1110 2076 1154 2111 K
1274 2076 1416 2112 domine
1442 2087 1510 2112 om.
1536 2077 1559 2112 k
1654 2077 1676 2112 5
1701 2077 1806 2124 spiri·
1876 2079 1884 2124 ξ

284 2135 560 2170 tum—fecimus
585 2146 652 2171 om.
682 2137 714 2170 Φ
821 2135 951 2181 spiritu
976 2135 1206 2170 salutationis
1231 2135 1275 2170 H
1368 2136 1389 2171 6
1416 2147 1519 2181 quern
1544 2137 1667 2182 (quam
1694 2137 1805 2180 Σα.ο.)

284 2193 433 2230 fecimus
459 2194 527 2228 ΣΒ
553 2205 657 2239 quem
683 2194 804 2229 fecisti
822 2194 858 2228 B
884 2205 975 2240 quae
1002 2194 1199 2240 concepisti
1219 2195 1241 2229 k
1335 2194 1405 2229 tibi
1430 2205 1496 2230 om.
1515 2194 1562 2230 H
1606 2196 1626 2230 7
1655 2196 1692 2230 et
1710 2194 1807 2230 dicet
1879 2188 1884 2226 ἑ

285 2262 352 2286 om.
380 2252 421 2286 H
545 2252 635 2287 dicit
658 2252 702 2286 K
827 2253 920 2297 mea]
949 2252 1035 2288 add.
1062 2255 1099 2288 et
1124 2252 1179 2287 dit
1202 2253 1246 2288 H
1363 2253 1385 2288 8
1409 2252 1642 2288 latitudinem
1667 2253 1808 2289 HDok

286 2311 307 2345 9
333 2310 563 2356 discripseras
580 2311 620 2346 D
646 2311 878 2357 discripserat
895 2312 940 2346 H
1034 2323 1138 2357 quem
1163 2322 1192 2348 ε.
1218 2312 1242 2347 1.
1266 2313 1298 2347 Φ
1394 2323 1499 2357 quem
1524 2313 1576 2358 in]
1605 2323 1697 2358 quae
1721 2315 1806 2358 (que

285 2369 329 2412 Σ)
352 2369 439 2403 mihi
466 2368 533 2403 >SD
560 2374 627 2413 que
652 2370 762 2404 michi
787 2370 824 2404 in
849 2370 885 2404 Β
980 2371 1127 2406 uolante
1152 2381 1220 2405 om.
1246 2370 1356 2406 ΣΒΨ
1411 2371 1455 2406 10
1481 2371 1536 2416 ex]
1563 2371 1607 2406 ab
1633 2371 1656 2406 k
1749 2381 1806 2406 re-

286 2429 421 2473 ceperit
445 2427 512 2462 ΣΒ
647 2429 686 2463 11
716 2427 893 2463 adflixerit
917 2429 1075 2470 Β,Φα.ν.
1103 2428 1228 2464 adfixit
1252 2430 1297 2464 H
1317 2429 1450 2465 adfixas
1475 2430 1559 2465 KP
1700 2440 1742 2465 ea
1766 2429 1811 2464 H

287 2487 331 2522 12
358 2486 504 2521 effectu*
524 2486 560 2520 Β
585 2486 734 2522 affectus
760 2488 792 2522 Σ
930 2487 1080 2534 incipiet
1103 2488 1149 2523 H
1168 2489 1320 2533 incipiat
1344 2489 1421 2524 ΒΦ
1552 2488 1610 2535 de]
1636 2500 1700 2535 pro
1724 2488 1810 2524 KV

287 2545 330 2581 13
357 2544 419 2580 sed
445 2546 482 2580 et
506 2544 583 2579 ΗΦ
665 2546 838 2591 martyras
864 2545 983 2580 ΚΦΨ
1004 2548 1178 2592 martyres
1206 2550 1248 2591 (8.
1275 2547 1298 2584 l.
1324 2549 1409 2583 sunt
1431 2549 1496 2583 m2
1519 2547 1556 2593 k)
1579 2551 1642 2583 cet.
1739 2548 1804 2584 alt.

285 2615 363 2640 esse
388 2603 442 2648 (in
466 2606 555 2648 ras.)
582 2603 678 2649 quod
703 2605 746 2647 (s.
774 2605 811 2648 l.)
830 2604 867 2639 B
940 2606 983 2640 14
1011 2606 1194 2651 apostolos
1219 2605 1257 2641 Ψ
1278 2606 1463 2652 apostulos
1488 2606 1567 2652 (alt.
1594 2617 1614 2642 ο
1641 2617 1684 2642 ex
1708 2610 1746 2650 u)
1765 2606 1810 2642 K

285 2663 440 2709 apostoli
465 2666 528 2699 cet.
625 2673 702 2698 esse
728 2673 794 2698 om.
821 2663 861 2698 H
958 2664 1103 2709 quidam
1129 2665 1173 2700 H
1256 2665 1299 2701 16
1324 2665 1570 2711 ingrediamur
1593 2666 1630 2700 Β
1723 2676 1804 2712 per·

285 2724 392 2758 eunte
416 2722 486 2758 ΣΒ
580 2722 714 2757 iherico
740 2722 776 2756 Β
800 2722 934 2758 iericho
959 2735 983 2768 ς
1064 2725 1104 2758 17
1131 2724 1242 2760 rahab
1269 2725 1305 2760 B
1399 2725 1565 2761 meretrix
1589 2725 1672 2762 inst.
1702 2725 1806 2761 ΣΠΒ

286 2783 421 2816 ceteras
440 2782 462 2817 k
514 2782 556 2817 18
577 2781 727 2817 diuersis
752 2783 784 2816 Φ
856 2783 1083 2827 purissimum
1105 2784 1149 2818 H
1219 2795 1295 2819 esse
1315 2795 1408 2819 man.
1429 2785 1451 2819 lc
1516 2784 1750 2820 mauecheum
1773 2786 1806 2820 Φ
