1940 3260
690 272 898 318 Epistula
923 272 1037 307 LXIX
1060 274 1153 308 4-5
1599 278 1683 320 687

155 401 352 443 uxoribus
402 391 555 443 liberos
600 413 809 456 spargere,
859 401 964 456 ipsis
1015 414 1180 457 quoque
1225 403 1515 446 sacerdotibus
1560 405 1685 447 huius

154 471 350 513 licentiae
388 471 562 526 patebat
597 471 834 514 arbitrium:
872 474 1077 528 praecipit
1115 487 1228 529 ergo,
1265 487 1315 516 ne
1355 476 1527 518 eandem
1561 476 1686 518 licen-

154 542 255 584 tiam
302 542 503 584 ecclesiae
548 542 629 583 sibi
675 542 890 585 uindicent
928 543 1184 595 sacerdotes,
1228 557 1279 587 ne
1318 545 1415 588 bina
1451 546 1606 600 pariter
1643 551 1684 588 et

152 612 261 654 trina
292 612 489 667 coniugia
522 612 760 664 sortiantur,
793 613 866 655 sed
898 616 949 656 ut
979 614 1169 670 singulas
1200 628 1283 658 uno
1316 618 1504 670 tempore
1535 629 1683 659 uxores

109 697 128 726 5
152 682 344 725 habeant.
384 683 695 725 contentiosum
733 683 889 727 clames
928 697 1035 736 esse,
1074 686 1186 739 quod
1225 686 1426 736 diximus;
1467 687 1609 741 accipe
1641 691 1682 730 et
1720 691 1741 726 3

153 753 277 796 aliam
317 754 664 808 explanationem,
702 767 754 796 ne
785 755 865 797 tibi
898 755 978 798 soli
1009 755 1138 799 liceat
1169 770 1248 800 non
1285 758 1550 800 uoluntatem
1580 758 1680 814 legi,

152 824 227 867 sed
276 825 413 879 legem
462 824 636 880 iungere
679 825 903 868 uoluntati.
955 826 1126 880 quidam
1170 829 1313 870 coacte
1357 828 1683 882 interpretantur

150 908 297 938 uxores
324 908 398 948 pro
426 895 631 947 ecclesiis,
653 896 768 938 uiros
789 909 861 950 pro
884 897 1094 952 episcopis
1114 897 1264 940 debere
1290 899 1424 954 accipi
1451 923 1508 929 -
1533 902 1575 942 et
1600 899 1680 941 hoc

149 967 191 1008 in
223 966 382 1009 Nicena
413 979 579 1020 quoque
612 967 772 1021 synodo
799 979 822 1008 a
847 968 1037 1022 patribus
1064 981 1157 1011 esse
1183 968 1412 1019 decretum,
1445 982 1494 1011 ne
1521 969 1571 1011 de
1598 970 1679 1011 alia

31 1058 34 1067 ·
88 1052 126 1081 ιο
151 1037 203 1079 ad
229 1037 354 1079 aliam
382 1037 604 1080 ecclesiam
632 1037 858 1092 episcopus
883 1038 1172 1091 transferatur,
1205 1052 1256 1082 ne
1281 1039 1480 1094 uirginali
1504 1053 1680 1094 pauper-

150 1108 269 1151 culae
290 1108 492 1150 societate
513 1111 754 1162 contempta
774 1109 937 1151 ditioris
959 1109 1170 1152 adulterae
1192 1113 1364 1164 quaerat
1384 1111 1601 1165 amplexus
1621 1136 1678 1142 —

151 1182 204 1230 et,
244 1179 454 1233 quomodo
493 1180 619 1233 culpa
655 1183 698 1222 et
733 1180 889 1222 uitium
921 1180 1106 1223 filiorum
1137 1181 1180 1223 in
1211 1181 1432 1236 λογισμοῖς,
1464 1181 1506 1223 id
1539 1184 1605 1225 est
1635 1183 1677 1224 in

150 1250 494 1306 cogitationibus,
545 1251 751 1306 accipitur
800 1251 1034 1306 domusque
1085 1252 1343 1306 dispensatio
1394 1252 1445 1294 ad
1496 1253 1676 1296 animam

25 1369 28 1372 ,
148 1322 328 1364 refertur
372 1323 413 1363 et
457 1334 623 1376 corpuS,
666 1321 727 1363 ita
769 1334 917 1364 uxores
961 1322 1207 1377 pontificum
1246 1322 1328 1364 dici
1366 1323 1580 1365 ecclesias.
1627 1323 1678 1366 de
1715 1329 1737 1363 4

86 1409 124 1438 ις)
150 1391 304 1447 quibus
336 1392 378 1434 in
409 1392 534 1434 Esaia
566 1392 771 1446 scriptum
804 1395 886 1435 cst:
920 1393 1193 1445 mulieres,
1226 1395 1583 1447 properantes
1617 1393 1677 1435 de

28 1453 32 1459 ’
147 1463 469 1518 spectaculo
509 1463 716 1514 uenite3
760 1475 860 1505 non
901 1466 983 1506 est
1022 1464 1159 1506 enim
1199 1465 1436 1519 populus
1475 1465 1676 1507 habens

146 1534 610 1590 intellegentiam,
636 1537 679 1576 et
703 1546 889 1576 rursum:
923 1534 1182 1577 mulieres
1209 1535 1434 1586 diuites,
1463 1535 1676 1592 surgite
1713 1567 1740 1580 1,

147 1607 198 1648 et
230 1605 416 1647 audite
441 1617 626 1647 uocem
650 1617 826 1656 meam,
852 1605 960 1647 etin
987 1605 1245 1662 Prouerbiis:
1271 1605 1553 1648 mulierem
1578 1605 1678 1647 for-

145 1678 243 1718 tem
265 1675 376 1730 quis
397 1675 656 1718 inueniet?
676 1675 1020 1726 honorabilior
1038 1678 1116 1718 est
1135 1675 1380 1730 pretiosis
1400 1676 1675 1730 lapidibus,

3 1744 5 1756 '
82 1764 122 1794 20
148 1759 270 1802 quae
297 1747 416 1790 talis
444 1749 540 1797 est;
562 1746 778 1789 confidit
803 1746 850 1788 in
877 1759 932 1789 ea
958 1759 1040 1789 cor
1063 1746 1163 1788 uiri
1189 1747 1282 1795 sui,
1304 1747 1406 1788 etin
1428 1747 1575 1789 eodem
1605 1760 1676 1789 uo-

89 1817 92 1822 '
145 1819 325 1861 lumine:
357 1818 639 1873 sapientes
672 1817 933 1860 mulieres
966 1817 1413 1860 aedificauerunt
1451 1818 1675 1868 domum,

139 1889 420 1943 'insipiens
447 1891 625 1931 autem
651 1887 927 1930 destruxit
953 1888 1212 1931 manibus.
1240 1901 1316 1931 nec
1343 1889 1435 1939 hoc,
1462 1889 1674 1942 inquiunt,
1713 1897 1734 1930 5

145 1959 356 2015 episcopis
383 1959 580 2002 uideatur
603 1950 838 2014 indignum,
871 1971 967 2001 cum
995 1959 1046 2002 de
1071 1959 1148 2002 deo
1175 1971 1344 2013 quoque
1370 1959 1573 2013 scriptum
1601 1959 1676 2002 sit:

270 2123 313 2158 15
339 2122 461 2158 *Esai.
485 2122 543 2163 27,
572 2122 612 2157 11
715 2122 756 2156 17
785 2122 903 2157 *Esai.
930 2122 987 2166 32,
1014 2122 1036 2157 9
1123 2122 1166 2157 18
1193 2121 1324 2158 *From
1348 2121 1393 2157 29
1419 2104 1508 2166 (31),
1535 2121 1676 2157 28—29

146 2182 320 2226 (lo—11)
395 2182 439 2216 21
467 2181 594 2217 *Pi-ou.
625 2181 678 2222 14,
708 2182 723 2215 1

193 2277 214 2311 2
240 2276 423 2312 licentiam
449 2276 490 2312 D
567 2276 752 2322 praecepit
776 2275 877 2311 LZB
949 2277 971 2311 3
998 2278 1036 2311 et
1059 2276 1154 2311 trina
1184 2275 1235 2311 W
1255 2277 1293 2311 et
1317 2277 1422 2311 terna
1445 2277 1505 2319 (ex
1529 2277 1676 2311 aeterna

146 2335 191 2380 L,
217 2346 260 2371 ex
286 2337 410 2372 eterna
429 2336 477 2379 Σ)
503 2339 565 2371 cet.
632 2337 656 2370 4
681 2336 736 2380 ut]
765 2337 802 2370 et
820 2335 860 2369 D
925 2335 947 2369 5
972 2346 1016 2370 ne
1042 2334 1307 2370 contentiosum
1333 2334 1436 2370 codd.
1456 2338 1605 2380 praeter
1628 2333 1680 2368 W

143 2395 167 2430 6
193 2395 262 2430 soli
285 2404 313 2430 ε.
340 2395 364 2430 1.
390 2397 452 2430 m2
477 2394 510 2429 L
536 2393 669 2429 habere
695 2393 763 2428 soli
791 2394 824 2428 Σ
925 2393 1115 2429 uoluntate
1139 2392 1180 2428 D
1274 2393 1296 2428 8
1322 2393 1475 2429 ecclesia
1498 2393 1539 2428 D
1640 2395 1677 2428 et

143 2455 182 2490 in
206 2454 276 2490 boc
300 2455 339 2490 in
365 2454 407 2489 D
500 2455 522 2490 9
548 2454 651 2489 nicea
675 2453 861 2489 LD.Za.c.
886 2453 1037 2489 nicaena
1059 2464 1084 2498 ς
1197 2452 1324 2488 sinodo
1350 2452 1454 2488 codd.
1473 2456 1624 2497 praeter
1648 2453 1679 2487 Σ

147 2513 192 2549 10
217 2513 276 2559 ad]
302 2513 339 2548 in
366 2514 399 2548 Σ
508 2513 675 2548 eclesiam
702 2512 808 2548 aliani
836 2511 873 2547 D
985 2512 1156 2558 uirginali
1187 2511 1239 2546 W
1257 2511 1438 2558 uirginale
1463 2511 1538 2547 LD
1562 2512 1674 2552 uimi-

145 2571 239 2608 nalis
266 2572 298 2607 Σ
318 2573 378 2615 (esc
403 2572 487 2616 -les)
513 2572 548 2606 B
571 2571 739 2618 (uirginis
763 2573 840 2614 m2)
937 2570 1144 2617 pauperculi
1176 2570 1228 2605 W
1303 2571 1348 2606 12
1366 2581 1428 2615 pr.
1454 2571 1505 2615 et]
1534 2572 1574 2604 nt
1599 2569 1674 2604 DB

148 2631 253 2677 culpa
279 2631 330 2677 et]
359 2630 463 2677 culpe
494 2631 546 2666 W
636 2630 685 2667 fil.
711 2630 776 2665 uit.
801 2641 826 2674 g
921 2629 1086 2676 logismis
1111 2629 1214 2665 codd.
1235 2633 1384 2674 praeter
1408 2628 1459 2664 W
1550 2628 1615 2664 alt.
1637 2629 1672 2663 in

143 2701 213 2727 om.
237 2701 261 2735 g
384 2690 428 2726 14
450 2690 630 2738 'reseratur
655 2689 758 2725 LZD
879 2690 931 2724 ita
957 2692 995 2724 et
1020 2689 1058 2724 D
1179 2687 1268 2723 dicit
1299 2687 1348 2723 W
1466 2688 1508 2722 15
1534 2687 1626 2723 isaia
1649 2698 1674 2732 ς

147 2750 190 2785 18
215 2749 385 2784 mulieres
410 2748 523 2784 fortes
548 2748 587 2783 D
718 2748 764 2783 20
791 2759 868 2783 eam
895 2748 927 2783 Σ
1044 2747 1168 2783 eodem
1194 2746 1390 2792 uolumine]
1419 2746 1490 2782 alio
1516 2746 1594 2782 loco
1626 2746 1676 2782 W

144 2808 188 2843 21
217 2808 361 2853 sapiens
386 2808 517 2843 mulier
541 2807 573 2842 Σ
677 2806 882 2842 aedificanit
908 2806 939 2841 Σ
1045 2805 1258 2851 insipientes
1284 2804 1320 2839 Β
1415 2804 1461 2838 22
1487 2803 1672 2840 destruxe-

143 2869 230 2902 runt
253 2866 289 2901 B
362 2867 407 2901 23
435 2877 576 2911 quoque
602 2877 669 2901 om.
698 2866 735 2900 D
