1884 3254
247 223 331 264 320
790 219 938 254 Sancti
964 218 1222 263 Hieronymi

248 350 410 393 dicens:
457 349 679 399 domine,
724 348 774 389 in
820 347 1059 389 ciuitate
1110 348 1200 388 tua
1249 346 1536 400 imaginem
1587 359 1764 389 eorum

248 421 469 475 dissipa.
495 433 591 462 cum
618 419 726 461 enim
760 418 811 459 ad
842 417 1069 472 imaginem
1097 419 1137 458 et
1164 416 1483 459 similitudinem
1516 417 1583 459 dei
1611 418 1765 460 conditi

247 503 406 541 sumus,
435 504 481 532 cx
501 490 607 531 uitio
627 491 769 530 nostro
791 499 989 542 personas
1010 487 1130 529 nobis
1156 487 1358 541 plurimas
1385 487 1766 541 superinducimus.

246 565 288 603 et
319 560 527 614 quomodo
558 560 600 601 in
639 558 916 600 theatralibus
956 557 1116 599 scaenis
1155 570 1264 600 unus
1303 560 1429 612 atque
1467 558 1580 600 idem
1616 558 1766 601 histrio

245 643 352 673 nunc
395 630 620 672 Herculem
664 629 865 671 robustus
910 630 1114 688 ostentat,
1148 641 1257 670 nunc
1299 629 1440 671 mollis
1478 629 1520 671 in
1562 629 1763 672 Uenerem
1807 640 1826 669 ⁵

245 701 461 755 frangitur,
495 712 604 741 nuuc
635 699 842 741 tremulus
873 698 915 740 in
944 698 1140 752 Cybelen.
1166 699 1227 741 ita
1257 701 1300 741 et
1329 712 1418 750 nos,
1447 699 1531 753 qui,
1559 700 1595 741 si
1620 699 1767 742 mundi

245 785 323 813 non
368 783 571 821 essemus,
617 770 828 812 odiremur
872 782 894 811 a
936 769 1107 820 mundo,
1150 772 1217 812 tot
1252 770 1456 812 habemus
1494 782 1765 824 personarum

245 840 557 891 similitudines,
592 842 694 894 quot
723 842 911 894 peccata.

303 913 342 954 3.
372 910 645 965 Quapropter,
673 910 772 964 quia
796 909 981 952 multum
1013 911 1095 952 iam
1127 911 1242 952 uitae
1275 911 1460 964 spatium
1490 912 1766 954 transiuimus

243 983 483 1025 fluctuando
517 984 558 1023 et
583 981 702 1023 nauis
728 983 872 1024 nostra
897 994 1006 1024 nunc
1037 983 1315 1035 procellarum
1349 995 1553 1024 concussa
1582 983 1763 1034 turbine,
1791 993 1826 1021 1⁰

244 1065 353 1094 nunc
373 1053 641 1105 scopulorum
666 1051 935 1093 inlisionibus
960 1052 1169 1106 perforata
1194 1054 1271 1103 est,
1293 1065 1417 1106 quam
1442 1052 1624 1106 primum
1650 1053 1763 1102 licet,

244 1124 362 1177 quasi
400 1123 605 1176 quendam
648 1123 817 1175 portum
860 1124 1021 1164 secreta
1063 1122 1172 1165 ruris
1215 1123 1435 1165 intremus.
1478 1123 1539 1165 ibi
1582 1123 1764 1166 cibarius

242 1194 359 1247 panis
387 1196 429 1234 et
453 1193 575 1235 holus
601 1193 756 1234 nostris
781 1193 977 1235 manibus
1002 1193 1245 1248 inrigatum,
1272 1194 1349 1243 lac,
1384 1193 1559 1236 deliciae
1591 1194 1765 1237 rustica-

243 1278 331 1316 nae,
364 1264 471 1306 uiles
504 1264 686 1317 quidem,
715 1264 790 1305 sed
814 1264 1055 1306 innocentes
1082 1264 1198 1306 cibos
1224 1265 1459 1318 praebeant.
1483 1265 1544 1306 ita
1569 1265 1763 1307 uiuentes

243 1348 322 1377 non
361 1335 410 1376 ab
451 1336 637 1380 oratione
676 1347 864 1385 somnus,
903 1348 983 1377 non
1023 1335 1222 1377 saturitas
1262 1348 1285 1377 a
1320 1335 1501 1378 lectione
1538 1336 1764 1379 reuocabit.
1790 1348 1824 1376 15

244 1407 279 1448 si
311 1408 448 1447 aestas
482 1408 559 1456 est,
593 1408 802 1447 secretum
835 1405 994 1448 arboris
1021 1407 1170 1448 umbra
1194 1406 1428 1459 praebebit3
1456 1406 1493 1448 si
1519 1409 1763 1456 autumnus,

243 1477 338 1531 ipsa
381 1477 486 1518 aeris
529 1476 754 1530 temperies
807 1479 849 1518 et
900 1478 1031 1526 strata
1080 1477 1225 1518 subter
1271 1477 1374 1519 folia
1422 1478 1564 1520 locum
1609 1477 1762 1531 quietis

245 1547 440 1590 ostendit.
476 1559 574 1594 uere
606 1559 705 1602 ager
735 1547 908 1590 floribus
942 1547 1184 1602 depingitur
1216 1549 1258 1589 et
1288 1548 1397 1589 inter
1428 1549 1623 1605 querulas
1663 1561 1762 1590 aues

362 1709 378 1742 1
407 1709 486 1743 *Ps.
513 1709 568 1751 72,
595 1709 641 1743 20
715 1710 736 1743 2
763 1708 808 1744 of.
834 1708 923 1746 Gen.
952 1709 982 1754 1,
1009 1699 1148 1744 26—'27
1223 1711 1244 1744 6
1271 1710 1315 1745 cf.
1341 1709 1418 1744 Ioh.
1447 1711 1502 1751 15,
1531 1710 1574 1745 19

292 1804 307 1836 1
336 1803 511 1848 imagines
537 1801 616 1838 §BN
709 1804 730 1838 3
757 1803 867 1837 simus
893 1804 958 1838 ΣΒ
1054 1804 1077 1839 4
1102 1804 1243 1839 schenis
1269 1803 1368 1838 FJB
1394 1805 1490 1839 cenis
1514 1804 1553 1839 D
1578 1805 1696 1839 caenis
1720 1805 1764 1839 H

242 1862 347 1906 unus]
375 1863 502 1896 mimus
528 1862 571 1896 H
664 1861 760 1896 idem
786 1873 852 1897 om.
873 1863 918 1897 H
1010 1864 1098 1897 strio
1119 1863 1158 1898 D
1182 1863 1311 1897 instrio
1331 1863 1506 1902 FJAEac.
1531 1864 1644 1909 ystrio
1666 1864 1761 1909 Σμο.

242 1921 263 1955 5
288 1920 379 1965 rob]
409 1920 493 1954 add.
521 1920 648 1955 histrio
676 1922 784 1965 (exp.)
810 1922 846 1955 B
872 1921 1058 1956 robustum
1086 1922 1119 1956 Σ
1209 1921 1371 1956 ostendit
1395 1922 1472 1957 DB
1567 1922 1685 1957 mollis
1709 1923 1761 1968 in]

240 1978 278 2012 in
302 1980 432 2013 molem
457 1979 501 2013 H
604 1980 731 2015 molles
758 1981 853 2016 Σα.ο.
880 1980 1050 2015 mollibus
1075 1980 1151 2015 DB
1257 1981 1456 2015 inuenirem
1480 1981 1520 2015 F
1600 1982 1622 2016 6
1649 1982 1762 2017 cibele

239 2037 346 2082 (cibel
371 2038 412 2072 in
435 2049 510 2073 ras.
535 2041 611 2081 m2)
637 2039 673 2073 B
699 2039 890 2084 cybelenus
916 2041 975 2084 (us
1000 2042 1106 2082 eras.)
1133 2039 1175 2073 N
1203 2040 1337 2084 cybebe
1362 2040 1402 2074 D
1432 2040 1582 2075 cibeben
1607 2039 1642 2077 ff}
1667 2052 1762 2086 cym-

240 2096 359 2132 balum
386 2097 430 2132 H
537 2099 590 2132 ita
615 2109 684 2134 om.
710 2099 753 2133 H
866 2109 957 2144 quae
984 2100 1014 2133 si
1041 2099 1081 2133 F
1102 2100 1134 2134 si
1159 2099 1203 2134 H
1317 2100 1481 2134 inmundi
1506 2099 1540 2136 ff)
1567 2100 1610 2135 de
1635 2101 1686 2144 (in
1713 2100 1763 2144 Π)

240 2155 373 2190 mundo
402 2156 591 2202 11,DB,2p
606 2168 634 2192 c.
736 2169 807 2192 non
833 2169 861 2192 s.
889 2158 911 2194 l.
939 2159 971 2192 Σ
1064 2159 1083 2192 7
1111 2159 1300 2193 oderemur
1323 2158 1369 2193 H
1458 2159 1568 2204 pers]
1592 2161 1760 2204 peccato-

240 2225 315 2247 rum
342 2215 380 2248 D
477 2217 497 2249 8
524 2216 618 2260 quod
645 2218 682 2250 et
706 2217 751 2250 H
800 2246 804 2248 μ
842 2217 863 2251 9
890 2217 1174 2262 multa—spatia
1198 2217 1274 2252 DB
1369 2218 1563 2252 transimus
1588 2218 1763 2253 Ha.c.m2

239 2274 503 2308 transmisimus
527 2286 551 2318 g
662 2276 705 2309 10
730 2276 914 2310 turbidine
940 2276 979 2310 D
1096 2277 1136 2310 11
1165 2276 1282 2311 forata
1306 2276 1350 2310 H
1456 2277 1575 2321 quain]
1601 2288 1696 2312 nunc
1721 2276 1766 2311 H

242 2341 319 2365 cum
343 2343 368 2375 g
485 2333 572 2367 licet
597 2344 663 2368 om.
690 2333 732 2367 H
845 2335 888 2369 12
916 2335 1092 2380 quaedam
1116 2337 1242 2380 portus
1267 2335 1343 2369 DB
1367 2339 1509 2380 portum
1536 2335 1714 2381 quendam
1737 2347 1762 2380 ς

239 2390 368 2424 secreti
399 2391 440 2424 N
556 2393 661 2437 ruris]
693 2393 765 2427 turi
797 2393 841 2427 H
957 2394 1048 2428 inibi
1079 2393 1156 2428 DB
1300 2394 1453 2429 cibarios
1483 2393 1523 2428 D
1554 2394 1696 2429 cibariis
1722 2393 1767 2430 N

241 2448 284 2483 13
310 2459 421 2493 panes
447 2450 522 2484 DB
605 2452 738 2486 nostris
763 2462 831 2487 om.
857 2453 897 2487 H
982 2455 1018 2487 et
1043 2453 1099 2488 lac
1122 2465 1147 2498 ς
1220 2454 1264 2488 14
1289 2453 1410 2498 praeb.
1436 2453 1505 2488 cib.
1531 2453 1575 2488 H
1655 2464 1759 2499 prae-

237 2506 326 2541 bent
355 2507 540 2552 DB,2p.o·.
572 2509 744 2553 praebeat
775 2511 882 2546 Na.c.
1004 2512 1048 2546 15
1080 2511 1124 2546 ab
1158 2523 1208 2546 or.
1239 2523 1310 2547 non
1336 2511 1507 2548 §Baaearae
1536 2524 1607 2547 non
1639 2512 1683 2547 ab
1710 2524 1760 2549 or.

239 2576 308 2613 non
336 2567 374 2601 H
467 2567 531 2602 alt.
559 2568 642 2613 non]
668 2579 734 2604 nec
761 2570 871 2605 IIDB
896 2582 960 2605 nos
979 2571 1125 2616 FJa.c.,
1152 2571 1238 2606 add.
1264 2583 1328 2607 nec
1353 2583 1382 2607 s.
1407 2572 1430 2608 l.
1456 2573 1520 2606 m2
1545 2573 1576 2607 Σ
1655 2582 1759 2607 reuo-

239 2624 337 2660 cauit
361 2625 615 2671 HD,FJ2·a.c.
721 2629 763 2662 16
791 2632 909 2664 aestus
938 2630 1048 2665 HDB
1169 2631 1329 2666 umbram
1353 2631 1393 2666 D
1512 2632 1661 2676 praebet
1687 2630 1759 2668 1123

237 2687 358 2718 autem
384 2695 476 2719 unus
501 2685 604 2731 Fp.c.
740 2688 781 2722 17
809 2688 857 2733 et]
886 2689 949 2723 sed
974 2690 1017 2724 N
1145 2690 1272 2735 strata]
1299 2692 1417 2725 tracta
1446 2690 1487 2725 F
1512 2690 1695 2725 substrata
1719 2690 1764 2725 N

239 2743 282 2778 18
313 2743 509 2779 ostendunt
532 2745 884 2791 FJIIZJBAEpam
909 2748 1076 2783 ostendet
1100 2749 1145 2784 N
1163 2748 1356 2784 ostendent
1378 2759 1403 2794 ς
1475 2750 1574 2794 uere]
1602 2750 1696 2784 niret
1719 2749 1765 2784 N

235 2801 316 2847 dep.
342 2802 376 2838 fl.
406 2802 477 2839 Im
574 2803 814 2850 depinguetur
838 2806 878 2840 F
901 2809 1024 2851 —getur
1048 2807 1171 2843 JZaae.
1199 2808 1362 2854 pingitur
1384 2819 1408 2852 ς
