1884 3254
54 1043 90 1072 10

54 1397 90 1426 15

679 263 886 311 Epistula
910 263 973 298 LX
998 264 1091 299 3-5
1557 268 1641 308 553

116 394 240 436 homo
266 405 395 448 pecus
422 395 499 435 est.
526 405 636 435 nunc
661 404 762 435 uero
790 393 1031 446 passionem
1049 393 1204 436 Christi
1234 395 1275 436 et
1294 394 1643 437 resurrectionem

115 466 205 508 eius
249 466 490 507 cunctarum
534 458 724 520 gentium
767 476 894 506 uoces
938 467 980 506 et
1021 464 1186 506 litterae
1224 467 1384 508 sonant.
1429 467 1548 508 taceo
1593 466 1643 507 de

115 535 332 587 Hebraeis,
361 534 531 578 Graecis
565 537 607 576 et
631 534 808 587 Latinis,
840 547 943 589 quas
970 535 1159 579 nationes
1185 535 1283 578 fidei
1309 548 1411 578 suae
1437 536 1479 578 in
1506 537 1642 579 crucis

114 606 240 648 titulo
274 605 468 648 dominus
501 604 727 648 dedicauit.
759 605 1026 648 inmortalem
1058 605 1240 648 animam
1273 608 1316 648 et
1338 608 1437 660 post
1463 606 1643 650 dissolu-

112 677 270 719 tionem
321 676 505 731 corporis
557 676 875 728 subsistentem,
926 676 1039 730 quod
1087 677 1350 732 Pythagoras
1400 677 1642 729 somniauit,

114 747 382 790 Democritus
421 759 502 789 non
541 745 733 798 credidit,
775 746 817 788 in
855 747 1186 789 consolationem
1225 747 1504 790 damnationis
1543 761 1643 791 suae

115 817 308 860 Socrates
335 817 571 871 disputauit
594 816 637 859 in
664 829 841 868 carcere,
867 817 1012 869 Indus,
1038 818 1179 869 Persa,
1202 817 1383 870 Gothus,
1403 818 1643 874 Aegyptius

112 888 476 942 philosophantur.
498 888 724 930 Bessorum
745 888 890 930 feritas
912 890 954 930 et
971 888 1215 942 pellitorum
1234 889 1359 930 turba
1378 890 1644 944 populorum,

114 959 184 1012 qui
210 960 472 1001 mortuorum
492 957 703 1012 quondam
722 958 882 1000 inferiis
901 959 1093 1002 homines
1112 958 1400 1010 immolabant,
1421 959 1642 1002 stridorem

114 1042 237 1071 suum
274 1029 316 1071 in
354 1029 477 1071 dulce
517 1029 653 1071 crucis
691 1029 906 1084 fregerunt
941 1030 1075 1072 melos
1113 1031 1155 1072 et
1191 1029 1326 1072 totius
1369 1030 1516 1072 mundi
1559 1042 1642 1072 una

111 1113 191 1142 uox
223 1099 419 1142 Christus
450 1102 526 1142 est.

174 1172 211 1213 5.
250 1170 359 1222 Quid
392 1170 574 1226 agimus,
613 1170 778 1213 anima?
817 1184 899 1226 quo
931 1184 1007 1214 nos
1045 1171 1282 1214 uertimus‘?
1321 1171 1421 1226 quid
1459 1172 1640 1226 primum

113 1242 405 1284 adsumimus?
438 1242 540 1296 quid
565 1244 783 1285 tacemus?
810 1242 1051 1286 exciderunt
1074 1243 1155 1285 tibi
1179 1245 1402 1298 praecepta
1426 1243 1642 1286 rhetorum

114 1315 157 1355 et
193 1318 398 1367 occupata
433 1314 567 1364 luctu,
613 1325 812 1368 oppressa
853 1313 1055 1365 lacrimis,
1097 1314 1342 1368 praepedita
1385 1314 1642 1370 singultibus

115 1383 280 1426 dicendi
323 1383 510 1426 ordinem
553 1396 635 1426 non
677 1385 815 1426 tenes!
866 1384 940 1426 ubi
981 1384 1090 1427 illud
1134 1384 1185 1426 ab
1227 1384 1404 1427 infantia
1452 1385 1642 1427 studium

112 1455 347 1497 litterarum
385 1457 427 1496 et
461 1454 732 1510 Anaxagorae
770 1467 818 1497 ac
857 1455 1098 1498 Telamonis
1137 1467 1304 1510 semper
1339 1455 1512 1498 laudata
1549 1469 1641 1499 sen-

232 1640 275 1676 16
302 1639 346 1675 of.
373 1639 496 1676 Cicero
519 1640 622 1675 Tusc.
642 1639 733 1686 disp.
753 1640 811 1675 111
829 1640 885 1675 28.
909 1639 965 1677 30.
992 1640 1049 1676 58.
1070 1640 1207 1676 Ennius
1227 1640 1373 1676 Telamo
1400 1640 1442 1676 fr.
1463 1641 1500 1676 11
1518 1640 1641 1676 Vah1.²

161 1794 176 1828 1
205 1793 326 1839 homo]
355 1793 448 1828 enim
478 1794 510 1827 Φ
654 1794 942 1839 nunc—sonant]
969 1793 1007 1827 in
1031 1795 1175 1828 tantum
1199 1793 1260 1838 xpi
1285 1793 1403 1838 gratia
1428 1804 1492 1839 per
1517 1804 1639 1828 omnes

112 1855 240 1898 gentes
272 1851 411 1887 deffusa
444 1854 511 1896 est,
543 1854 584 1887 ut
614 1863 686 1887 non
719 1852 835 1888 solum
865 1851 1051 1887 uideamus
1083 1852 1312 1897 inminutum,
1339 1851 1403 1887 sed
1428 1862 1542 1898 paene
1566 1853 1639 1888 iam

111 1911 292 1946 sublatum
317 1911 539 1957 gentilitatis
565 1922 730 1952 errorem,
757 1910 889 1946 diffusa
912 1911 976 1952 ita,
1002 1913 1045 1946 ut
1068 1911 1273 1956 passionem
1298 1910 1435 1947 domini
1460 1912 1498 1946 et
1522 1922 1639 1946 resur-

110 1970 305 2006 rectionem
338 1970 413 2006 eius
445 1971 597 2005 cunetae
627 1970 816 2005 nationum
847 1969 948 2005 uocis
981 1972 1018 2005 et
1048 1969 1171 2004 littere
1202 1969 1327 2004 inferis
1360 1971 1490 2005 sonant
1515 1973 1551 2005 et
1577 1971 1638 2016 qui

110 2031 329 2064 mortuorum
355 2029 535 2075 quondam
562 2029 715 2064 mortuis
746 2028 853 2064 idolis
879 2029 1035 2064 hominis
1066 2028 1288 2070 immolabat,
1320 2028 1510 2064 stridorem
1535 2039 1639 2064 suurn

110 2089 147 2124 in
179 2089 282 2124 dulce
314 2089 426 2124 crucis
458 2088 634 2133 frigerent
666 2089 781 2123 melus
815 2090 852 2123 et
881 2088 996 2123 totius
1028 2087 1153 2123 mundi
1184 2098 1255 2123 una
1285 2099 1353 2122 uox
1384 2088 1444 2133 xpi
1474 2087 1636 2123 laudatio

112 2151 167 2183 est
193 2150 227 2183 Γ
292 2148 460 2194 passione
485 2147 592 2193 Kp.c.
617 2150 701 2193 post
727 2149 928 2193 passionem
952 2147 992 2182 D
1070 2147 1329 2182 resurrectione
1353 2146 1460 2192 Kp.c.
1527 2147 1549 2182 2
1575 2159 1636 2182 uo-

111 2208 181 2251 ces]
221 2209 258 2242 et
294 2219 400 2243 uoces
433 2207 469 2242 B
612 2208 634 2242 3
667 2207 837 2243 hebrehis
869 2207 906 2242 B
1049 2207 1072 2242 4
1109 2218 1173 2252 pos
1206 2205 1241 2242 at
1386 2208 1407 2241 ὃ
1444 2210 1566 2253 pytag.
1598 2207 1638 2242 D

109 2267 223 2312 pita'g.
252 2266 286 2302 G
312 2266 463 2313 phytag.
488 2266 606 2301 KY'B
636 2266 840 2311 phitagoris
871 2267 914 2306 Φ,
940 2265 958 2301 ¹?
984 2264 1019 2301 ⁵21
1182 2266 1203 2301 6
1228 2265 1265 2300 in
1292 2266 1570 2312 consol.-disp.
1595 2267 1637 2301 in

109 2336 176 2370 my.
201 2325 271 2370 inf.
295 2325 410 2370 m2K,
437 2335 505 2361 om.
534 2325 612 2361 G¹1¹
718 2326 756 2360 in
780 2335 848 2360 om.
879 2325 911 2359 Φ
1012 2324 1258 2360 consolatione
1283 2324 1323 2358 D
1419 2325 1438 2359 7
1465 2326 1573 2370 gotus
1602 2324 1637 2360 G

110 2384 290 2429 aegiptius
316 2384 360 2419 K
387 2384 555 2430 egyptius
581 2384 656 2419 DB
688 2389 864 2430 aegyptus
893 2383 927 2419 G
1047 2384 1068 2419 8
1094 2383 1338 2429 phylopantus
1367 2383 1445 2419 GY'
1466 2384 1635 2430 phyloso-

109 2442 266 2488 phantur
291 2446 343 2486 (so
369 2443 446 2489 m2)
471 2442 516 2477 K
631 2443 798 2477 besorum
823 2442 860 2477 B
885 2453 1069 2478 uessorum
1098 2441 1132 2477 G
1257 2441 1354 2488 pop.]
1381 2442 1573 2477 multorum
1604 2444 1636 2477 Φ

109 2501 130 2535 9
156 2502 233 2547 qui]
261 2512 331 2547 quo
362 2502 394 2536 Φ
488 2500 614 2536 inferis
639 2500 896 2536 Ka.e.m2D·1¹
917 2500 1064 2536 inferias
1094 2501 1136 2542 Φ,
1162 2510 1230 2536 om.
1260 2500 1295 2536 G
1380 2500 1424 2536 10
1450 2500 1572 2536 dulces
1601 2501 1634 2536 G

111 2560 198 2596 duce
223 2561 451 2598 Katamaw
569 2560 745 2607 frigerent
771 2562 805 2596 Γ
918 2561 1047 2596 melios
1076 2560 1180 2596 Ga.r.
1206 2560 1321 2595 melus
1347 2560 1422 2595 ΓΚ
1443 2560 1569 2595 melius
1601 2560 1638 2594 Ψ

111 2620 151 2654 11
185 2620 244 2665 xpi
274 2620 435 2655 laudatio
468 2621 501 2655 Γ
656 2620 698 2654 12
730 2631 795 2654 nos
826 2619 1002 2655 uertimur
1036 2620 1068 2654 Φ
1218 2618 1301 2656 ⁴alt.
1334 2617 1437 2664 quid]
1472 2618 1567 2664 quod
1603 2619 1635 2653 Φ

110 2678 153 2713 13
179 2677 299 2713 exced.
325 2677 444 2714 atKr‘
468 2678 703 2714 exciderimne
723 2678 762 2712 D
787 2677 1038 2714 excideruntne
1057 2689 1082 2723 g
1152 2677 1244 2712 reth.
1268 2677 1456 2712 GDQWB
1507 2677 1550 2712 14
1569 2676 1632 2712 ob-

107 2747 230 2782 pressa
258 2737 291 2772 G
387 2737 488 2783 lacn]
515 2737 637 2772 nimiis
663 2748 706 2772 ex
733 2737 862 2772 animis
891 2736 926 2772 G
1018 2738 1061 2773 15
1087 2736 1150 2771 ubi
1176 2739 1230 2771 est
1260 2735 1376 2772 GK¹1¹
1471 2735 1572 2771 illum
1602 2736 1635 2770 Φ

108 2795 172 2830 inf.
199 2799 236 2831 et
262 2798 384 2840 (eras.)
414 2796 448 2832 G
524 2797 566 2832 16
594 2799 630 2831 et
653 2807 683 2831 3.
709 2796 732 2831 l.
759 2795 810 2840 K,
837 2807 906 2831 om.
936 2795 1013 2831 G¹l¹
1090 2806 1312 2841 anexagorae
1343 2794 1376 2830 G
1449 2795 1504 2840 ac]
1533 2796 1570 2829 et
1594 2794 1634 2830 D

109 2855 323 2890 sententiam
351 2853 385 2890 21
