1884 3254
250 227 308 268 74
791 218 943 254 Sancti
968 217 1221 262 Hieronymi

191 363 215 398 3
253 351 305 393 et
340 348 547 392 duabus
583 347 841 389 uelabant
878 345 1040 400 pedes
1079 346 1131 386 et
1165 342 1373 385 duabus
1410 341 1682 386 uolabant.
1713 343 1766 384 et

254 418 560 463 clamabant
595 417 735 459 alter
772 416 830 459 ad
870 417 1117 474 alterumx
1142 415 1195 456 et
1230 411 1502 455 dicebant:
1542 413 1764 455 sanctus

252 491 474 533 unctus
512 490 733 531 sanctus
771 486 1021 528 dominus
1059 483 1301 534 sabaoth,
1337 482 1495 536 plena
1532 483 1616 525 est
1656 481 1765 524 uni·
1810 512 1812 515 ψ
1883 485 1884 545 j

191 574 215 608 4
253 571 412 602 uersa
439 561 583 600 terra
613 556 791 611 gloria
816 556 945 598 eius.
971 557 1023 597 et
1053 555 1324 597 eleuatum
1355 554 1441 595 est
1463 551 1766 607 superlini-
1842 558 1845 562 '
1883 550 1884 610 ]

252 641 373 671 nare
423 641 447 670 a
500 638 644 677 uoce,
701 639 800 680 qua
854 625 1171 675 clamaba-nt,
1222 625 1274 666 et
1323 622 1507 666 domus
1555 622 1767 676 inpleta
1807 634 1827 663 5
1883 613 1884 646 ἶ

191 712 214 745 5
253 701 336 741 eet
358 698 512 740 fumo.
537 698 588 739 et
613 696 741 738 dixi:
770 708 792 737 o
820 695 984 737 miser
1009 707 1119 749 ego,
1146 694 1398 748 quoniam
1425 694 1766 746 conpunctus
1844 698 1846 700 '
1883 691 1884 745 j

252 782 377 818 sum,
405 767 678 820 quia‚cum
705 765 806 808 sim
832 765 984 807 homo
1011 763 1510 806 etinmundalabia
1531 762 1766 818 habeam,
1883 767 1884 784 ¹

250 839 301 881 in
339 837 512 880 medio
551 848 762 890 quoque
800 835 990 890 populi
1027 834 1279 877 inmunda
1320 833 1468 876 labia
1509 833 1765 877 habentis

250 908 500 956 habitem,
535 909 585 949 et
616 918 792 961 regem
825 905 1094 948 dominum
1127 905 1357 947 sabaoth
1389 916 1486 959 ego
1512 903 1627 946 uidi
1653 916 1768 948 ocu-

188 992 213 1027 6
251 980 321 1022 lis
360 978 504 1021 meis.
539 979 590 1019 et
625 977 849 1019 missum
886 978 970 1017 est
1000 975 1062 1017 ad
1093 988 1170 1018 me
1199 988 1358 1018 unum
1391 975 1450 1017 de
1482 974 1768 1030 seraphim,
1789 985 1829 1014 10
1883 994 1884 1036 3

252 1052 303 1091 et
338 1049 388 1091 in
425 1060 575 1090 manu
613 1059 708 1090 sua
750 1046 983 1089 habebat
1027 1046 1324 1098 carbonem,
1364 1057 1515 1099 quem
1557 1045 1768 1100 forcipe
1883 1042 1884 1056 ¹

191 1132 213 1166 7
253 1119 537 1172 acceperat
573 1117 633 1159 de
671 1116 848 1159 altari.
886 1119 937 1159 et
973 1116 1170 1172 tetigit
1207 1127 1263 1159 os
1307 1128 1476 1161 meum
1519 1117 1571 1158 et
1614 1115 1768 1161 dixit:

253 1201 374 1231 ecce
411 1187 610 1242 tetigit
645 1187 743 1230 hoc
778 1187 926 1229 labia
962 1188 1055 1229 tua
1093 1187 1144 1229 et
1181 1186 1396 1231 auferet
1428 1185 1766 1241 iniquitates

190 1271 213 1305 8
252 1262 372 1302 tuas
406 1260 457 1301 et
486 1260 712 1313 peccata
742 1259 836 1300 tua
866 1257 1352 1313 circumpurgabit.
1385 1258 1438 1299 et
1469 1255 1655 1301 audiui
1684 1268 1768 1304 uo-

253 1342 359 1373 cem
393 1328 593 1371 domini
625 1328 882 1372 dicentis:
913 1322 1063 1382 quem
1095 1327 1303 1371 mittam
1336 1329 1388 1370 et
1418 1327 1538 1382 quis
1569 1327 1676 1370 ibit
1705 1326 1767 1375 ad
1791 1339 1846 1368 15·
1882 1350 1884 1387 {

189 1410 214 1445 9
253 1400 506 1455 populum
537 1399 733 1441 istum?
766 1401 817 1441 et
848 1398 976 1440 dixi:
1010 1411 1132 1440 ecce
1158 1411 1266 1454 ego,
1291 1398 1447 1440 mitte
1478 1410 1568 1440 me.
1595 1399 1647 1440 et
1671 1397 1768 1441 ait:
1883 1402 1884 1405 ’

250 1470 382 1512 uade
409 1472 460 1511 et
485 1469 568 1511 dic
593 1470 793 1524 populo
819 1469 959 1511 huic:
988 1481 1112 1511 aure
1139 1468 1381 1510 audietis
1408 1458 1460 1511 et
1485 1480 1584 1511 non
1607 1467 1770 1511 intel-

251 1540 469 1596 legetis,
507 1542 558 1582 et
595 1541 877 1582 cernentes
918 1539 1211 1594 aspicietis
1251 1541 1302 1583 et
1339 1551 1437 1581 non
1475 1538 1768 1588 uidebitis.

312 1611 641 1654 1.Etfactum
663 1610 814 1653 estin
835 1620 1092 1664 anno,quo
1112 1611 1359 1652 mortuus
1379 1611 1569 1652 estrex
1588 1608 1768 1652 Ozias:

250 1681 366 1724 uidi
397 1681 662 1723 dominum
696 1681 971 1722 sed-entem
1005 1693 1167 1735 super
1202 1680 1452 1722 thronum
1492 1679 1830 1722 excelsumao

252 1754 302 1793 et
333 1751 615 1794 eleuatum.
650 1753 873 1806 antequam
905 1751 956 1793 de
992 1750 1158 1794 uisione
1191 1750 1396 1802 dicamus,
1427 1749 1771 1806 pertractandum
1833 1803 1838 1807 ἱ
1881 1779 1884 1790 ,

250 1822 434 1874 uidetur,
466 1822 536 1875 qui
569 1822 625 1864 sit
656 1820 793 1873 Ozias,
826 1824 930 1876 quot
961 1821 1080 1864 annis
1110 1821 1365 1877 regnauerit,
1399 1821 1471 1876 qui
1509 1821 1547 1863 ei
1581 1818 1625 1864 in
1662 1823 1769 1864 cete-

189 1901 213 1935 2
251 1892 307 1934 ris
345 1892 541 1947 gentibus
580 1893 665 1934 sint
701 1893 861 1935 coaeui.
901 1895 944 1935 et
974 1892 1026 1935 de
1059 1905 1235 1947 persona
1265 1891 1450 1946 quidem,
1481 1891 1594 1934 sicut
1622 1891 1666 1934 in
1690 1891 1767 1934 Be-

251 1975 427 2016 gnorum
471 1965 514 2004 et
550 1963 876 2005 Praeteritorum
918 1963 1038 2005 libris
1081 1963 1279 2018 legimus,
1317 1962 1399 2004 fuit
1440 1962 1507 2004 uir
1541 1962 1682 2005 iustus
1727 1966 1770 2005 et

370 2077 413 2112 19
437 2076 554 2111 *Esai
580 2078 614 2121 6,
643 2079 657 2111 1
734 2077 779 2112 23
805 2076 849 2112 cf.
875 2077 926 2112 IV
951 2077 1038 2122 Reg.
1067 2077 1122 2119 15,
1149 2078 1240 2112 1—7
1314 2077 1361 2112 24
1385 2076 1430 2114 cf.
1454 2076 1493 2112 ΙΙ
1516 2075 1599 2112 Par.
1625 2087 1703 2122 cap.
1722 2077 1769 2113 26
1837 2111 1843 2114 .

299 2147 315 2181 1
344 2146 454 2192 pedes
479 2148 556 2182 eius
579 2147 616 2182 Β
687 2148 709 2182 2
737 2148 902 2193 alterum]
930 2147 1142 2183 alterutrum
1172 2146 1223 2182 W
1291 2148 1314 2182 3
1338 2147 1503 2183 dominus
1527 2146 1616 2183 deus
1635 2147 1771 2184 FLz'B

250 2206 365 2239 omnis
388 2206 424 2240 Β
494 2206 518 2240 4
543 2206 658 2251 gloria
682 2207 811 2251 scripsi
836 2207 898 2251 (cf.
922 2207 1031 2252 infra
1048 2218 1090 2251 p.
1116 2209 1180 2251 80,
1206 2208 1283 2251 13),
1307 2206 1498 2242 maiestate
1515 2206 1622 2243 codd.
1695 2207 1769 2243 ele-

251 2265 338 2298 uata
357 2264 388 2298 Σ
457 2266 512 2298 est
536 2275 603 2299 om.
628 2264 673 2299 W
721 2265 742 2299 6
763 2265 851 2300 dixit
875 2265 926 2300 W
977 2266 998 2300 9
1019 2268 1056 2300 et
1081 2277 1147 2301 om.
1175 2265 1227 2301 W
1293 2265 1371 2300 uidi
1395 2276 1463 2311 ego
1483 2265 1519 2299 Β
1569 2266 1612 2301 10
1637 2266 1769 2302 misens

251 2321 457 2365 B‚L(corr.)
540 2333 631 2356 unus
657 2322 692 2357 B
775 2323 962 2369 seraphym
987 2323 1026 2358 F
1049 2324 1217 2369 seraphin
1242 2324 1279 2358 Β
1304 2323 1472 2369 syraphin
1497 2323 1532 2358 L
1593 2324 1635 2360 11
1661 2324 1782 2363 sotei-⁷

250 2390 331 2425 pem
357 2382 477 2423 (corr.)
501 2380 570 2414 FZ
590 2379 746 2425 fortiphe
771 2381 807 2415 B
888 2383 931 2417 12
958 2383 1137 2427 acciperat
1161 2384 1268 2427 (corr.
1292 2383 1368 2428 αθ)
1392 2382 1463 2417 ΡΣ
1531 2383 1576 2418 13
1600 2383 1710 2430 tetigi
1732 2383 1771 2418 B

251 2437 371 2472 aufert
400 2437 482 2472 WB
545 2439 587 2473 14
613 2439 917 2484 circumpurgauit
940 2441 980 2475 F
1001 2442 1137 2484 (com),
1163 2441 1198 2475 L
1221 2441 1394 2487 purgauit
1416 2442 1454 2476 Β
1510 2442 1554 2477 15
1578 2442 1659 2487 quie
1681 2441 1768 2488 ibit]

249 2497 410 2542 quesibit
439 2496 490 2532 W
535 2498 575 2531 17
602 2497 816 2543 intellegitis
840 2498 1018 2544 Fa.c.m2‚
1039 2499 1108 2534 ΕΣ
1155 2500 1197 2535 18
1224 2500 1388 2546 aspicitis
1406 2500 1514 2536 FLZ'
1577 2499 1767 2546 uidebitia]

249 2565 321 2599 aeq.
333 2555 462 2601 incipit
481 2555 560 2600 (om.
575 2556 629 2597 F)
646 2556 898 2601 interpretatio
919 2557 1078 2593 eiusdem
1100 2559 1249 2604 capituli
1259 2558 1365 2594 FLz·
1373 2559 1548 2604 expositio
1561 2558 1771 2596 eiusdemi?

254 2614 297 2649 19
323 2614 419 2650 oziae
441 2614 560 2660 (odias
583 2615 634 2661 Β)
659 2626 718 2651 rex
742 2615 825 2650 WB
909 2617 955 2652 20
981 2628 1089 2662 supra
1107 2617 1141 2651 L
1224 2619 1268 2653 21
1297 2621 1334 2654 et
1358 2618 1401 2653 el.
1428 2621 1465 2654 et
1490 2619 1609 2653 cetera
1632 2617 1709 2653 DB
1730 2619 1772 2653 et

251 2675 372 2708 cetera
390 2675 429 2708 et
444 2673 488 2708 el.
508 2673 548 2708 F
564 2675 601 2708 et
620 2675 739 2708 cetera
758 2674 788 2709 S
858 2674 902 2709 de
922 2675 1075 2721 uis-ione]
1103 2676 1279 2712 diuisione
1304 2677 1428 2722 (com)
1447 2677 1481 2712 Σ
1500 2675 1715 2712 diuisionem
1732 2675 1774 2710 F

251 2731 298 2765 22
323 2731 445 2767 uidete
468 2731 510 2766 D
605 2732 665 2776 qui
695 2731 746 2767 W
766 2733 846 2777 quie
870 2734 936 2768 ΣΒ
961 2733 1048 2780 quid
1073 2738 1137 2770 cet.
1239 2734 1340 2772 odias
1363 2736 1400 2770 Β
1496 2735 1596 2780 quot]
1622 2745 1692 2780 qno
1722 2733 1776 2770 W

254 2789 286 2822 ei
313 2791 349 2824 et
374 2790 410 2824 B
480 2790 526 2825 24
553 2792 590 2824 et
614 2790 745 2836 Praet]
773 2791 853 2834 del„
878 2792 920 2826 in
943 2803 1011 2837 my.
1038 2795 1075 2828 et
1098 2794 1391 2838 paralipomenon
1416 2795 1479 2829 ΜΒ
1502 2793 1539 2828 Β
