1884 3254
59 673 76 699 5

36 1027 73 1053 lu

37 1382 72 1408 15

39 1737 75 1764 20

38 2091 74 2119 25

674 245 880 291 Epistula
904 245 952 280 LI
975 246 1070 280 4-5
1543 252 1629 292 403

104 377 218 419 fonte
250 376 520 418 adsumentes
552 376 795 419 testimonia
826 389 906 419 non
937 376 998 418 ita
1028 376 1366 431 interpretantur,
1393 379 1441 419 ut
1473 377 1630 432 scripta

104 449 217 499 sunt,
243 446 318 489 sed
349 446 667 500 simplicitatem
700 447 904 490 sermonis
938 446 1217 490 ecclesiastici
1247 447 1291 489 id
1321 448 1471 490 uolunt
1502 448 1629 503 signi-

104 518 240 569 ficare,
273 517 385 572 quod
415 517 499 571 ipsi
531 517 733 560 sentiunt.

161 590 202 632 5.
228 588 342 631 Illud
368 600 549 642 quoque,
577 588 687 642 quod
719 588 911 630 adserere
944 588 1108 640 nititur,
1136 589 1354 632 doleamne
1381 603 1431 631 an
1457 589 1629 641 rideam,

102 660 258 702 nescio.
310 659 456 702 doctor
499 660 695 714 egregius
746 660 872 702 audet
916 660 1063 702 docere
1107 659 1321 702 diabolum
1370 660 1414 702 id
1463 673 1628 703 rursum

100 731 290 772 futurum
317 742 425 780 esse,
453 730 565 784 qnod
589 731 730 781 fuerit,
764 733 807 773 et
838 730 891 773 ad
917 731 1089 773 eandem
1115 731 1350 774 rediturum
1381 731 1630 786 dignitatem

100 803 143 844 et
168 813 494 843 conscensurum
520 814 649 857 regna
676 802 902 844 caelorum.
922 814 996 857 pro
1022 803 1159 845 nefas!
1181 802 1275 857 quis
1301 804 1388 844 tam
1414 815 1562 844 uecors
1589 805 1631 845 et

99 872 280 915 stolidus
308 872 386 914 hoc
412 873 602 926 recipiat,
631 875 679 915 ut
707 876 877 916 sanctus
899 874 1105 916 Iohannes
1131 874 1318 928 baptista
1344 876 1386 916 et
1410 874 1563 916 Petrus
1589 876 1632 916 et

97 943 303 986 lohannes
330 945 550 998 apostolus
577 946 619 986 et
645 945 924 1000 euangelista,
952 945 1099 987 Esaias
1126 958 1293 1000 quoque
1326 946 1369 987 et
1392 944 1629 987 Hieremias

99 1016 141 1056 et
170 1014 323 1069 reliqui
347 1015 577 1070 prophetae
605 1016 829 1058 coheredes
856 1016 958 1058 fiant
983 1015 1139 1059 diaboli
1164 1016 1207 1058 in
1232 1028 1362 1071 regno
1390 1016 1630 1058 caelorum?

26 1130 30 1135 ,
98 1086 313 1138 praetereo
358 1085 555 1128 friuolam
600 1086 692 1129 eius
732 1087 1038 1141 expositionem
1076 1100 1204 1142 super
1239 1086 1394 1129 tunicis
1432 1086 1628 1140 pelliciis,
1667 1092 1688 1110 ⁰

98 1158 252 1210 quanto
287 1159 440 1199 conatu
473 1157 728 1212 quantisque
761 1157 894 1212 egerit
926 1158 1202 1214 argumentis,
1234 1160 1283 1200 ut
1313 1157 1479 1200 tunicas
1510 1157 1629 1212 pelli-

98 1226 184 1269 cias
222 1227 406 1269 humana
444 1240 537 1270 esse
577 1240 749 1282 corpora
787 1228 1067 1271 crederemus.
1109 1229 1180 1284 qui
1218 1229 1328 1271 inter
1370 1229 1508 1271 multa
1551 1228 1628 1271 ait:

95 1298 350 1351 numquid
396 1298 669 1341 coriarius
714 1301 806 1340 aut
850 1299 1184 1342 scortiarius
1230 1301 1344 1342 erat
1387 1299 1532 1352 deus,
1571 1302 1631 1342 ut

101 1367 407 1411 conficeret
452 1369 628 1422 pelles
670 1369 987 1411 animalium
1032 1373 1083 1412 et
1121 1373 1411 1413 consueret
1455 1383 1509 1412 ex
1551 1371 1629 1413 eis

101 1438 319 1482 tunicas
356 1439 619 1493 pellicias
658 1440 818 1482 Adam
857 1442 908 1482 et
945 1441 1121 1483 Euae?
1159 1441 1507 1483 manifestum
1548 1444 1631 1484 est

101 1522 240 1565 ergo,
278 1510 431 1565 inquit,
471 1511 609 1565 quod
653 1511 712 1553 de
752 1512 1075 1566 corporibus
1113 1512 1320 1555 nostris
1358 1512 1628 1567 loquatur.

101 1584 156 1634 et,
190 1582 226 1625 si
258 1581 338 1624 hoc
369 1581 431 1624 ita
462 1583 540 1633 est,
575 1582 785 1636 quomodo
817 1582 1000 1638 legimus
1034 1585 1130 1626 ante
1161 1583 1352 1637 pellicias
1389 1583 1556 1626 tunicas
1589 1587 1631 1626 et
1668 1590 1691 1624 3

100 1654 195 1695 ante
225 1652 579 1695 inoboedientiam
619 1656 661 1696 et
698 1654 747 1695 de
785 1654 979 1708 paradiso
1017 1655 1180 1696 ruinam
1213 1654 1350 1696 Adam
1386 1655 1630 1709 loquentem
1666 1693 1669 1696 .

99 1737 180 1767 non
214 1724 443 1766 secundum
476 1723 735 1779 allegoriam,
769 1725 843 1768 sed
874 1738 992 1768 uere:
1027 1726 1123 1768 hoc
1155 1739 1292 1768 nunc
1326 1738 1379 1768 os
1413 1739 1468 1768 ex
1501 1726 1630 1768 ossi-

100 1796 196 1837 bus
228 1794 362 1836 meis
395 1796 447 1837 et
484 1807 603 1837 caro
637 1796 695 1838 de
736 1809 891 1838 carne
925 1799 1070 1838 mea?
1103 1798 1177 1838 aut
1207 1797 1317 1838 unde
1355 1797 1628 1851 adsumptum

100 1868 166 1908 est
205 1865 326 1916 illud,
365 1866 478 1919 quod
521 1867 692 1909 diuinus
738 1880 875 1910 sermo
920 1870 1124 1910 testatur:
1164 1870 1216 1910 et
1258 1867 1454 1910 iniecit
1499 1869 1629 1911 deus

101 1950 345 1992 soporem
375 1938 728 1991 superAdam,
750 1941 802 1982 et
827 1939 1112 1989 dormiuit3
1141 1941 1192 1981 et
1219 1939 1455 1993 sumpsit
1478 1952 1628 1981 unam

101 2009 159 2051 de
192 2007 366 2051 costis
393 2009 510 2051 eius
545 2012 596 2052 et
621 2010 938 2064 adinpleuit
968 2023 1061 2064 pro
1095 2022 1151 2052 ea
1178 2022 1385 2053 carnem
1413 2011 1465 2052 et
1489 2010 1628 2052 aedi-

100 2080 301 2123 ficauit
327 2083 545 2133 costam,
574 2094 725 2135 quam
751 2082 961 2124 tulerat
993 2095 1049 2124 ex
1082 2094 1153 2134 eo,
1180 2081 1270 2124 illi
1300 2082 1351 2124 in
1378 2084 1629 2124 uxorem?

219 2234 239 2267 5
261 2232 305 2268 cf.
322 2232 421 2278 Orig.
443 2234 517 2280 περὶ
537 2233 694 2280 ἁρχῶνΙ
711 2233 838 2279 fragm.
892 2234 936 2269 10
957 2233 1002 2270 cf.
1022 2233 1124 2268 Rom.
1144 2233 1236 2276 8,17
1290 2233 1330 2268 11
1354 2232 1399 2269 cf.
1421 2232 1509 2268 Gen.
1529 2233 1562 2274 3,
1583 2233 1626 2267 21

103 2292 146 2326 14
167 2291 269 2338 Orig.
294 2291 370 2338 περὶ
396 2291 512 2338 ἀρχῶν
545 2293 562 2327 I
587 2293 715 2339 fragm.
791 2294 836 2328 20
864 2292 953 2328 Gen.
973 2294 1006 2337 2,
1027 2292 1073 2328 23
1147 2293 1192 2327 22
1218 2291 1329 2328 *Gen
1357 2293 1391 2336 2,
1417 2292 1559 2327 21-22

149 2376 164 2410 1
194 2376 477 2420 interpretentur
501 2376 578 2411 AD
698 2378 718 2420 2
746 2377 980 2422 simplicitate
1006 2376 1102 2421 δρα.
1218 2376 1239 2412 3
1264 2376 1341 2421 ipse
1369 2378 1428 2419 (=
1453 2374 1568 2421 ipsae)
1593 2376 1631 2410 Β

98 2436 121 2470 6
146 2434 250 2470 essed
275 2435 314 2469 D
385 2434 505 2470 fuerat
523 2435 560 2470 Β
632 2435 830 2471 redituram
849 2435 1057 2472 Aa.e.m2D
1106 2436 1126 2472 7
1153 2445 1406 2471 concessurum
1423 2433 1630 2470 Aa.c.m2D

98 2494 120 2527 8
144 2493 229 2539 hoc]
257 2497 298 2528 ut
322 2493 391 2528 hoc
413 2505 438 2538 ς
538 2495 594 2539 ut]
623 2493 720 2539 quod
743 2506 768 2539 g
870 2495 892 2530 9
915 2495 1034 2540 ysaias
1060 2494 1128 2530 ΒΕ
1151 2494 1259 2529 isaias
1283 2505 1308 2538 g
1403 2493 1569 2528 ieremias
1593 2493 1630 2527 Β

100 2552 144 2587 10
163 2551 331 2587 coeredes
350 2552 390 2587 D
460 2563 574 2598 regna
592 2553 668 2588 AD
718 2554 758 2589 11
782 2553 943 2599 pelliceis
963 2557 996 2589 et
1015 2553 1185 2599 pelliceas
1203 2553 1368 2598 Epo-1²12
1421 2552 1463 2587 13
1482 2551 1628 2586 hum.—

99 2611 143 2646 16
167 2611 286 2656 pellic.
311 2612 348 2646 Β
371 2612 413 2646 in
437 2623 505 2657 my.
529 2615 624 2657 27223,
650 2623 718 2648 om.
744 2618 807 2649 cet.
858 2614 902 2648 14
928 2613 1055 2648 coriar.
1080 2624 1104 2657 g
1129 2613 1272 2649 scoriar.
1299 2611 1394 2646 Bm2
1467 2612 1628 2646 scortiar.

96 2671 227 2716 scripsi
251 2671 433 2707 scorticar.
458 2671 555 2706 Bm2
579 2671 765 2708 sordiscar.
790 2673 852 2708 uel
875 2673 1054 2708 stortisar.
1079 2684 1104 2716 g
1166 2672 1209 2707 16
1235 2671 1340 2707 adam
1365 2681 1458 2707 eras.
1483 2670 1520 2704 Β
1592 2672 1629 2704 et

100 2740 187 2764 euae
212 2731 293 2774 (eue
316 2730 368 2772 B)
396 2741 545 2776 corpora
568 2731 824 2776 intelligantur
849 2731 885 2766 Β
911 2731 993 2777 (del.
1019 2733 1091 2774 m2)
1117 2729 1147 2765 S
1268 2729 1310 2764 17
1338 2730 1439 2774 ergo]
1464 2728 1575 2773 igitur
1600 2728 1631 2764 S

103 2787 145 2822 19
171 2787 315 2823 inobed.
341 2788 456 2824 DBS
543 2788 588 2824 de
613 2801 681 2825 om.
706 2789 743 2824 A
839 2789 1006 2836 paradissy
1019 2789 1106 2834 D)si
1132 2789 1207 2824 AD
1279 2789 1322 2823 21
1351 2787 1461 2833 unde]
1488 2797 1533 2822 ne
1551 2787 1628 2823 AD

100 2846 145 2880 23
173 2847 290 2892 super]
318 2847 350 2882 in
379 2847 418 2882 D
491 2848 535 2883 25
562 2849 712 2884 tullerat
738 2849 773 2883 A

1510 2917 1578 2953 26*
