1884 3254
92 1040 128 1068 10

6 1395 124 1441 ,15

670 265 875 311 Epistula
901 265 1014 300 LXIV
1041 265 1179 301 18-19
1603 270 1688 312 609

159 396 343 438 diximus
376 420 444 447 —-‚
474 397 524 437 ut
558 394 746 449 pontifex
778 393 844 436 dei
876 397 1161 437 creaturarum
1195 395 1383 438 omnium
1415 398 1563 451 typum
1595 409 1686 451 por-

158 470 254 508 tans
297 466 340 507 in
383 465 587 525 uestibus·
615 464 706 507 suis
743 464 947 506 indicaret
983 467 1135 508 cuncta
1171 465 1358 522 indigere
1396 466 1687 509 misericordia

158 538 226 580 dei
258 540 300 580 et
331 535 735 580 consacrificaretei
766 535 963 578 uniuersa
994 536 1192 588 conditio,
1225 540 1274 579 ut
1310 550 1391 580 non
1428 551 1502 591 pro
1539 537 1686 580 liberis

158 620 206 650 ac
242 607 485 661 parentibus
523 609 566 649 et
595 606 854 661 propinquis,
893 607 967 648 sed
1000 620 1072 661 pro
1106 610 1256 650 cuncta
1287 611 1476 650 creatura
1507 611 1550 650 et
1581 621 1686 651 uoce

8 691 10 727 g
35 723 39 726 ,
115 692 133 718 5
157 680 200 720 et
231 678 378 720 habitu
410 679 664 734 precaretur.

218 750 287 792 19.
311 749 548 804 Tetigimus
574 748 878 802 expositionem
902 749 1155 791 Hebraicam
1183 752 1225 791 et
1248 749 1455 792 infinitam
1482 763 1686 792 sensuum

154 820 308 862 siluam
335 819 457 861 alteri
482 819 663 874 tempori
688 821 950 862 reseruantes
979 820 1183 873 quaedam
1209 821 1377 863 futurae
1404 820 1554 862 domus
1582 823 1686 862 stra-

153 891 294 932 uimus
338 890 620 932 fundamenta.
665 890 714 932 de
757 890 1028 933 feminalibus
1066 891 1189 933 lineis
1227 891 1306 934 hoc
1345 891 1482 933 solent
1520 891 1684 934 dicere:

152 961 258 1003 ratio
290 960 498 1002 seminum
532 962 574 1002 et
605 960 887 1015 generationis
920 960 971 1002 ad
1003 973 1169 1002 carnem
1198 961 1412 1014 pertinens
1444 963 1578 1003 terrae
1610 974 1684 1015 per

153 1045 245 1074 eam
277 1031 504 1085 deputatur
530 1057 587 1060 —
612 1031 723 1073 unde
750 1031 801 1073 ad
826 1031 960 1073 Adam
991 1031 1182 1085 loquitur
1212 1031 1335 1074 deus:
1369 1035 1514 1074 terra
1546 1044 1598 1074 es
1631 1035 1684 1074 et

150 1102 201 1144 in
233 1105 429 1144 terram
461 1102 568 1144 ibis
592 1127 644 1132 —
667 1114 900 1156 causasque
925 1101 1052 1144 huius
1079 1102 1151 1154 rei,
1179 1102 1388 1156 quomodo
1422 1102 1472 1144 de
1504 1103 1681 1157 paruulo

149 1173 309 1215 semine
336 1176 378 1216 et
402 1173 661 1216 foedissimis
686 1173 819 1215 initiis
844 1175 962 1215 tanta
987 1173 1055 1215 uel
1083 1173 1302 1215 hominum
1327 1173 1397 1216 uel
1418 1173 1678 1216 diuersarum

150 1257 288 1288 rerum
320 1244 591 1299 pulchritudo
625 1245 835 1295 nascatur,
870 1256 963 1286 esse
996 1243 1223 1286 obuolutas
1251 1247 1292 1286 et
1318 1244 1514 1287 humanis
1542 1245 1678 1287 oculis

149 1329 228 1359 non
260 1318 418 1370 patere.
448 1315 633 1371 legimus
664 1315 706 1356 in
736 1314 927 1356 Leuitico
958 1314 1076 1357 iuxta
1106 1319 1377 1369 praeceptum
1410 1314 1479 1359 dei
1504 1315 1678 1370 Moysen

147 1387 307 1429 lauisse
338 1373 476 1428 Aaron
516 1390 558 1427 et
593 1385 703 1428 filios
736 1386 843 1428 eius:
881 1386 966 1427 iam
996 1388 1097 1427 tunc
1129 1386 1425 1440 purgationem
1458 1386 1605 1427 mundi
1638 1389 1681 1428 et

147 1471 287 1500 rerum
314 1457 500 1499 omnium
526 1455 796 1498 sanctitatem
821 1455 1023 1510 baptismi
1047 1457 1307 1497 sacramenta
1333 1455 1570 1510 signabant.
1597 1469 1678 1499 non

147 1527 361 1581 accipiunt
384 1529 528 1568 uestes
554 1526 638 1569 nisi
660 1525 761 1568 lotis
787 1525 904 1580 prius
931 1525 1125 1567 sordibus
1148 1538 1226 1573 nec
1253 1527 1451 1567 ornantur
1477 1526 1528 1567 ad
1552 1538 1672 1568 sacra

145 1597 230 1640 nisi
260 1598 302 1640 in
335 1597 502 1640 Christo
533 1597 633 1639 noui
664 1597 854 1639 homines
884 1598 1174 1647 renascentum
1207 1596 1355 1638 uinum
1381 1596 1490 1638 enim
1518 1609 1676 1639 nouum

144 1669 188 1711 in
231 1669 354 1711 nouis
397 1668 563 1720 utribus
607 1668 805 1710 mittitur.
852 1667 965 1721 quod
1002 1670 1144 1710 autem
1181 1667 1352 1722 Moyses
1389 1667 1520 1718 lauat,
1562 1668 1673 1723 legis
1742 1675 1745 1679 '

143 1739 346 1781 indicium
398 1741 479 1781 est:
531 1739 738 1780 habent
784 1738 1003 1793 Moysen
1054 1741 1105 1780 et
1160 1739 1469 1792 prophetas,
1526 1738 1674 1792 ipsos

144 1810 386 1861 audiant,
444 1812 486 1851 et
536 1809 586 1851 ab
637 1809 771 1851 Adam
820 1820 955 1863 usque
1006 1808 1058 1850 ad
1107 1808 1282 1863 Moysen
1333 1821 1476 1851 omnes
1526 1821 1672 1863 pecca-

143 2021 145 2023 ,
266 1984 309 2020 10
335 1983 444 2019 *Gem
472 1983 506 2024 3,
533 1984 577 2018 19
720 1983 763 2017 14
789 1981 834 2018 cf.
859 1982 944 2017 Leu.
971 1983 1004 2022 8,
1031 1983 1052 2017 6
1175 1982 1219 2017 18
1246 1981 1289 2018 cf.
1315 1982 1445 2018 Matth.
1473 1983 1505 2024 9,
1535 1982 1576 2017 17
1606 1986 1679 2018 etc.

142 2043 189 2078 20
215 2042 324 2077 *Luc.
352 2042 407 2084 16,
434 2042 480 2077 29
554 2042 596 2077 21
626 2041 670 2077 ct.
695 2042 797 2077 Rom.
824 2042 856 2086 5,
886 2041 1025 2076 12—14

193 2147 210 2182 1
239 2149 424 2182 creaturae
451 2147 487 2181 Β
583 2147 604 2181 2
629 2146 790 2181 indicare
815 2146 851 2181 Β
956 2145 1147 2191 indegeret
1171 2145 1215 2180 K
1234 2147 1272 2181 in
1298 2145 1356 2181 die
1386 2147 1418 2180 Φ
1531 2147 1674 2182 miseri—

143 2205 268 2241 cordia
291 2205 332 2240 K
451 2207 472 2241 3
500 2206 669 2251 consuen]
697 2216 775 2240 cum
801 2206 1020 2241 sacrificaret
1043 2204 1160 2240 KIID
1281 2206 1330 2250 ei]
1356 2202 1443 2240 add.
1470 2206 1672 2252 expiaretur

146 2265 394 2307 HD,B3.z.m2
490 2265 706 2300 uniuersalis
734 2265 808 2300 HD
915 2265 1002 2310 non]
1031 2264 1116 2300 add.
1143 2268 1285 2300 tantum
1311 2265 1346 2299 Β
1442 2265 1465 2299 4
1491 2266 1547 2310 ac]
1575 2267 1612 2300 et
1642 2265 1674 2299 Φ

144 2336 245 2371 prop.
265 2329 304 2360 et
321 2335 395 2369 par.
418 2324 456 2359 11
518 2335 575 2369 pr.
596 2325 647 2369 et]
666 2335 707 2359 ac
731 2324 763 2358 Φ
810 2326 831 2359 5
853 2323 1103 2370 deprecaretur
1123 2324 1162 2359 H
1206 2326 1227 2360 6
1247 2323 1452 2359 hebreicam
1467 2324 1673 2359 flammea)

143 2384 287 2419 infinita
311 2383 356 2418 K
449 2384 468 2418 7
495 2384 668 2429 temporis
694 2383 730 2417 Β
833 2382 957 2418 domos
983 2383 1122 2419 IIBa.c.
1149 2382 1272 2418 domui
1300 2384 1342 2418 Φ
1434 2385 1612 2418 struamus
1639 2383 1675 2417 Β

144 2443 166 2478 9
192 2443 393 2477 seminuum
415 2443 447 2476 Φ
518 2443 704 2487 pertinent
720 2442 826 2487 Kp.c.
848 2442 1006 2487 pertinet
1024 2441 1140 2477 ΗΒΦ
1165 2442 1379 2487 pertinentis
1399 2442 1436 2477 Β
1492 2442 1535 2477 10
1562 2441 1671 2486 unde!

146 2502 233 2537 add.
261 2504 298 2536 et
325 2502 364 2537 H
384 2513 413 2537 s.
441 2503 462 2536 l.
491 2502 529 2536 D
626 2502 672 2537 ad
698 2513 765 2538 om.
795 2503 827 2536 Φ
889 2501 927 2537 11
957 2502 1104 2547 terram]
1122 2502 1226 2537 ‘terra
1255 2503 1287 2536 Φ
1350 2502 1392 2536 12
1420 2503 1470 2547 et]
1500 2504 1538 2536 et
1564 2501 1607 2536 de
1635 2500 1678 2535 K

145 2563 252 2595 tanta
276 2571 343 2596 om.
375 2561 407 2595 Φ
575 2560 717 2596 diuersa
742 2560 861 2597 KHR
1007 2561 1050 2595 14
1073 2561 1257 2596 leuiticum
1283 2560 1326 2595 K
1473 2560 1606 2595 domini
1632 2559 1676 2594 K

146 2620 284 2654 moisen
310 2619 346 2653 B
370 2630 493 2654 mosen
519 2619 596 2655 HR
691 2620 732 2655 15
759 2631 844 2655 aron
869 2620 975 2664 Kp.c.
1076 2620 1117 2655 16
1145 2620 1302 2654 omnium
1328 2631 1395 2655 rer.
1425 2619 1464 2655 ΙΙ
1555 2619 1670 2664 signi-

145 2678 306 2713 ficabant
330 2678 407 2713 HR
484 2679 524 2713 17
553 2680 700 2714 ornatur
729 2679 761 2713 Φ
854 2680 896 2714 18
922 2690 1015 2714 nouo
1041 2679 1184 2714 homine
1210 2679 1287 2714 HR
1383 2689 1610 2713 renascamur
1639 2678 1672 2712 Φ

148 2737 192 2772 19
220 2748 332 2772 nouos
358 2741 457 2772 utres
483 2737 560 2773 HR
714 2738 832 2782 nouis]
857 2738 959 2772 nobis
985 2738 1061 2773 ΒΦ
1214 2749 1331 2772 moses
1361 2737 1434 2772 HR
1460 2747 1605 2783 moysen
1633 2735 1673 2772 K

146 2796 194 2832 20
219 2795 352 2838 iudico:
370 2797 495 2840 B)ium
520 2797 588 2831 ΦΒ
659 2808 783 2833 mosen
803 2797 847 2831 H
866 2808 1003 2842 moyses
1026 2798 1058 2831 Φ
1107 2797 1147 2831 21
1178 2797 1222 2832 ab
1249 2808 1314 2831 om.
1340 2797 1372 2831 Φ
1444 2807 1567 2832 mosen
1593 2796 1672 2832 HR

147 2855 261 2902 pecc]
289 2855 377 2890 add.
405 2867 488 2901 ergo
516 2855 614 2891 n12B

184 2937 263 2965 Liv.
287 2936 412 2965 Hieron.
433 2937 533 2971 Epist.
555 2937 579 2963 1.
1582 2926 1629 2960 39
