1884 3254
210 257 295 299 284
748 252 900 287 Sancti
925 249 1180 295 Hieronymi

208 385 396 438 loquitur
431 383 482 425 ad
519 382 653 424 filium
691 381 911 423 minorem:
951 379 1074 421 uade
1118 378 1176 420 ad
1220 390 1418 434 gregem
1461 381 1509 421 et
1553 378 1723 432 accipe

210 453 331 496 mihi
362 453 474 495 inde
507 453 626 495 duos
660 450 843 493 haedos
869 449 1153 504 praefigurans
1181 461 1375 491 carneum
1402 449 1626 492 saluatoris
1654 448 1722 491 ad—

208 526 395 575 uentum,
419 523 461 564 in
489 535 569 576 quo
597 534 667 564 eos
694 521 763 562 uel
788 520 966 562 maxime
991 519 1199 570 liberaret,
1222 520 1294 573 qui
1318 519 1501 574 peccatis
1526 519 1724 561 teneban-

209 597 278 637 tur
296 593 472 644 obnoxii,
487 591 695 646 siquidem
709 591 750 632 in
765 590 957 633 omnibus
979 589 1194 644 scripturis
1208 589 1332 632 haedi
1344 602 1417 643 pro
1432 589 1724 644 peccatoribus

210 663 478 716 accipiuntur.
494 661 605 715 quod
625 662 766 702 autem
781 659 885 702 duos
905 659 1075 701 iubetur
1087 658 1259 709 adferre,
1275 658 1453 701 duorum
1473 658 1724 714 populorum

210 732 466 787 significatur
497 730 756 784 adsumptio;
783 729 895 783 quod
925 731 1090 771 teneros
1123 731 1165 771 et
1188 729 1334 781 bonos,
1362 729 1519 772 dociles
1546 731 1588 772 et
1611 729 1725 772 inno-

209 806 348 846 centes
376 802 548 844 animae.
575 801 686 843 stola
710 800 823 842 Esau
848 799 951 842 fides
979 802 1020 842 et
1047 799 1274 854 scripturae
1301 801 1401 843 sunt
1422 799 1725 852 Hebraeorum,

209 873 360 927 quibus
386 872 607 928 gentilium
633 871 807 913 indutus
834 872 900 913 est
917 871 1118 925 populus;
1138 870 1285 924 pelles,
1306 883 1410 925 quae
1430 871 1522 913 eius
1542 870 1724 914 brachiis

208 943 485 986 circumdatae
517 944 628 994 sunt,
654 943 826 996 peccata
851 941 1074 995 utriusque
1099 943 1199 983 sunt
1223 941 1375 995 plebis,
1402 954 1506 996 quae
1533 941 1725 984 Christus

207 1014 249 1056 in
282 1013 519 1056 extensione
551 1024 748 1053 manuum
783 1011 897 1053 cruci
929 1023 1071 1053 secum
1102 1011 1258 1064 pariter
1288 1011 1443 1053 adfixit.
1471 1012 1582 1065 quod
1606 1011 1726 1054 Isaac

210 1084 371 1138 quaerit
413 1083 463 1125 ab
501 1082 640 1135 Iacob,
680 1094 754 1124 cur
795 1083 884 1123 tam
929 1081 1011 1124 cito
1054 1081 1231 1134 uenerit,
1269 1081 1498 1125 admiratur
1533 1082 1726 1125 uelocem

209 1154 466 1197 credentium
509 1152 654 1202 fidem;
699 1152 809 1207 quod
851 1152 935 1194 cibi
978 1152 1250 1195 delectabiles
1300 1152 1542 1203 offeruntur,
1587 1152 1728 1195 hostia

207 1226 374 1279 placens
414 1224 489 1266 deo
527 1223 642 1266 salus
682 1225 748 1265 est
782 1224 1064 1276 peccatorum.
1096 1225 1195 1277 post
1226 1235 1345 1265 esum
1383 1223 1575 1277 sequitur
1605 1224 1726 1265 bene·

209 1295 334 1336 dictio
362 1296 403 1336 et
434 1294 524 1336 eius
558 1293 681 1336 odore
706 1293 935 1348 perfruitur
958 1293 1161 1336 uirtutem
1186 1294 1503 1336 resurrectionis
1536 1296 1578 1336 et
1608 1293 1726 1348 regni

207 1367 349 1419 aperta
378 1377 483 1407 uoce
508 1364 818 1418 praenuntians,
844 1362 1053 1417 quomodo
1087 1363 1214 1406 etiam
1247 1364 1417 1407 adorent
1448 1377 1545 1406 eum
1576 1365 1726 1407 fratres

209 1436 274 1478 sui
306 1438 347 1477 et
379 1436 564 1478 ser-uiant
603 1435 640 1477 ei
677 1435 891 1478 credentes
931 1447 978 1476 ex
1012 1435 1187 1477 Israhel.
1225 1435 1324 1489 quia
1358 1434 1491 1490 igitur
1526 1434 1726 1489 iniquitas

209 1508 275 1548 est
303 1506 471 1548 inimica
501 1506 704 1557 iustitiae,
736 1506 851 1548 Esau
881 1505 922 1547 in
955 1505 1207 1548 discordiam
1245 1500 1479 1548 concitatur
1509 1507 1551 1548 et
1582 1518 1726 1548 necem

207 1576 498 1619 fraudulentus
530 1577 740 1632 excogitat
771 1576 915 1618 dicens
942 1576 984 1618 in
1017 1576 1140 1618 corde
1167 1589 1260 1620 suo:
1295 1576 1592 1631 adpropient
1618 1577 1725 1620 dies

329 1748 345 1782 1
373 1746 480 1783 *Gen.
507 1749 564 1792 27,
590 1748 623 1783 9'
672 1749 695 1783 4
722 1747 765 1783 cf.
791 1747 922 1783 Matth.
949 1748 1007 1790 25,
1033 1748 1173 1784 31-46
1235 1751 1256 1784 5
1283 1748 1326 1784 cf.
1422 1760 1444 1784 i.
1470 1749 1528 1794 27,
1554 1749 1576 1784 9
1633 1750 1652 1784 7
1680 1749 1725 1785 cf.

209 1804 297 1841 Gen.
325 1806 381 1850 27,
407 1807 451 1842 15
547 1805 568 1841 8
596 1806 639 1841 cf.
666 1805 754 1842 Gen.
780 1807 837 1852 27,
864 1806 908 1842 16
1014 1807 1057 1842 10
1083 1807 1127 1842 cf.
1154 1806 1241 1843 Gen.
1267 1807 1324 1851 27,
1350 1804 1396 1843 20
1493 1808 1538 1843 12
1564 1807 1608 1843 cf·
1636 1806 1724 1843 Gen.

207 1865 264 1909 27,
291 1865 335 1899 14
409 1865 452 1900 13
479 1864 522 1901 cf.
550 1865 640 1901 Gen.
665 1865 722 1910 27,
748 1866 889 1901 27—29
965 1866 1007 1901 18
1034 1865 1146 1901 *Gen.
1171 1866 1228 1911 27,
1253 1866 1296 1902 41

253 1947 270 1981 1
297 1947 470 1993 loquitur]
497 1947 593 1993 quod
619 1949 737 1984 autem
761 1948 834 1993 loq.
860 1948 1029 1994 Ap.c.m2
1052 1950 1283 1995 loquiturque
1309 1950 1477 1995 Bp.c.m2
1594 1951 1616 1985 2
1642 1950 1724 1986 inde

202 2004 291 2040 mihi
316 2005 391 2040 AD
486 2005 750 2051 praefiguratur
767 2006 843 2041 AD
940 2018 1127 2043 carneus—
1138 2007 1315 2043 aduentus
1335 2009 1501 2053 Ap.c.m2
1573 2009 1594 2044 3
1622 2011 1723 2044 tene-

200 2064 291 2099 bant
314 2064 354 2099 D
473 2066 493 2100 5
520 2065 607 2110 acc.]
634 2068 816 2111 ponuntur
839 2066 874 2101 B
964 2104 969 2107 ⁵
995 2066 1103 2113 quod]
1132 2078 1222 2112 quae
1248 2073 1282 2104 tn
1409 2069 1528 2103 autem
1555 2078 1623 2105 om.
1649 2067 1726 2103 AD

203 2123 273 2157 duo
299 2123 402 2168 Bp.r.
536 2124 706 2159 iubentur
732 2124 848 2160 afferri
872 2125 909 2160 B
999 2126 1020 2160 6
1047 2126 1229 2171 significat
1253 2132 1309 2171 inq
1455 2126 1566 2172 quod]
1595 2137 1663 2172 que
1690 2132 1723 2163 tu

202 2183 240 2217 et
263 2182 376 2216 bonos
402 2193 469 2217 om.
495 2183 570 2217 AD
690 2183 825 2218 duciles
851 2190 908 2230 inq
1036 2186 1073 2219 et
1097 2195 1164 2220 om.
1192 2191 1248 2230 mq
1370 2186 1390 2220 7
1417 2184 1524 2230 stola]
1551 2185 1638 2220 add.
1665 2185 1724 2220 uel

200 2241 455 2275 uestimentum
482 2241 592 2275 ADB
665 2243 702 2276 et
726 2253 792 2277 scr.
818 2253 845 2278 s.
871 2242 995 2289 Hebr.]
1019 2243 1232 2278 hebreorum
1258 2244 1295 2278 et
1320 2254 1386 2278 scr.
1404 2243 1481 2278 AD
1528 2244 1550 2278 8
1577 2243 1724 2278 brachia

199 2298 408 2333 Aa.c.m2D
474 2300 495 2334 9
521 2302 590 2334 utr.
615 2310 712 2345 pecc.
738 2301 773 2335 B
845 2303 995 2346 peccata
1019 2311 1086 2337 om.
1114 2312 1135 2347 q
1209 2301 1313 2347 quae]
1341 2301 1424 2347 quia
1449 2312 1471 2347 q
1528 2302 1572 2337 10
1598 2305 1720 2337 osten-

200 2356 299 2390 sione
325 2357 363 2391 D
448 2358 559 2392 erucis
586 2365 639 2404 inq
725 2358 863 2394 adflixit
887 2360 990 2395 Aa.r.
1070 2359 1179 2406 quod]
1207 2371 1275 2405 que
1302 2367 1334 2397 m
1410 2361 1452 2395 11
1479 2360 1540 2406 ab]
1567 2372 1588 2395 a
1613 2360 1718 2405 Ap.r.

199 2415 286 2459 tam]
312 2416 433 2450 tamen
458 2416 573 2460 Ωα.ν.,
600 2428 666 2452 om.
694 2428 713 2463 q
847 2417 1093 2454 admirabatur
1119 2425 1175 2464 tnq
1202 2419 1400 2454 admiratur
1422 2420 1466 2454 ut
1488 2419 1659 2464 loquatur
1683 2419 1719 2454 A

200 2475 256 2515 (ut
279 2474 349 2519 loq.
377 2478 484 2520 εει-μ),
510 2476 548 2510 D
634 2477 805 2523 uelocem]
834 2478 984 2513 celerem
1009 2478 1085 2514 AD
1159 2478 1202 2513 12
1229 2477 1335 2524 quod]
1364 2489 1454 2524 quae
1481 2484 1513 2515 tn
1602 2478 1718 2514 delec-

198 2531 349 2567 tabilem
374 2533 483 2568 Da.c.
535 2535 577 2569 13
604 2538 686 2580 post
712 2538 823 2581 esum]
850 2539 1032 2582 posterum
1059 2543 1115 2583 tuq
1174 2537 1218 2572 14
1235 2548 1296 2582 pr.
1324 2539 1361 2572 et
1384 2548 1476 2574 era-s.
1502 2537 1538 2572 A
1610 2537 1718 2582 perfr.

199 2600 267 2625 om.
292 2591 368 2626 AD
475 2592 557 2627 uirt.
583 2603 651 2628 om.
676 2595 709 2628 Ω
805 2595 849 2631 15
874 2596 1110 2640 pronuntians
1135 2596 1247 2631 ADB
1272 2596 1465 2642 pronuntio
1489 2597 1523 2631 Ω
1631 2606 1718 2641 quo-

198 2649 318 2695 modo]
346 2650 440 2695 quod
465 2651 568 2695 Bpm.
666 2651 762 2689 ador.
791 2664 870 2688 eum
897 2645 1007 2689 etiam
1029 2655 1063 2690 Ω
1143 2654 1186 2690 16
1213 2655 1372 2690 seruient
1397 2660 1429 2691 tn
1526 2654 1633 2689 israel
1659 2654 1718 2700 qB

199 2708 296 2752 quia]
322 2709 383 2753 qui
410 2715 511 2744 maa.
580 2710 621 2744 17
648 2710 696 2745 in.
723 2714 778 2746 est
803 2722 823 2756 q
849 2712 1013 2747 inimicas
1041 2714 1096 2748 est
1121 2718 1153 2750 tn
1179 2713 1324 2748 inimica
1348 2713 1383 2748 A
1457 2712 1633 2748 discordia
1659 2719 1716 2758 tuq

200 2766 357 2801 concitat
382 2767 485 2812 Apxr.
512 2769 706 2804 suscitatur
732 2776 788 2815 ωσι
864 2772 906 2805 18
932 2771 1182 2807 fraudulentur
1208 2782 1229 2816 q
1309 2771 1598 2818 adpropinquent
1622 2771 1718 2817 qu

198 2822 488 2870 adpropinquant
514 2826 589 2861 AD

1748 1025 1785 1054 10

1749 1378 1785 1408 1⁶
