<?xml version="1.0" encoding="UTF-8"?>
<!DOCTYPE html PUBLIC "-//W3C//DTD XHTML 1.0 Transitional//EN"
    "http://www.w3.org/TR/xhtml1/DTD/xhtml1-transitional.dtd">
<html xmlns="http://www.w3.org/1999/xhtml" xml:lang="en" lang="en">
 <head>
  <title>
</title>
<meta http-equiv="Content-Type" content="text/html;charset=utf-8" />
  <meta name='ocr-system' content='tesseract 3.04.00' />
  <meta name='ocr-capabilities' content='ocr_page ocr_carea ocr_par ocr_line ocrx_word'/>
</head>
<body>
  <div class='ocr_page' id='page_1' title='image "./corpusscriptorum54stuoft_0665.png"; bbox 0 0 1884 3254; ppageno 0'>
   <div class='ocr_carea' id='block_1_1' title="bbox 10 0 53 508">
    <p class='ocr_par' dir='ltr' id='par_1_1' title="bbox 10 0 53 508">
     <span class='ocr_line' id='line_1_1' title="bbox 10 0 53 508; baseline 0 2746"><span class='ocrx_word' id='word_1_1' title='bbox 10 0 53 508; x_wconf 95' lang='lat' dir='ltr'><strong> </strong></span> 
     </span>
    </p>
   </div>
   <div class='ocr_carea' id='block_1_2' title="bbox 0 650 53 3254">
    <p class='ocr_par' dir='ltr' id='par_1_2' title="bbox 0 650 53 3254">
     <span class='ocr_line' id='line_1_2' title="bbox 0 650 53 3254; baseline 0 0"><span class='ocrx_word' id='word_1_2' title='bbox 0 650 53 3254; x_wconf 95' lang='lat' dir='ltr'><strong> </strong></span> 
     </span>
    </p>
   </div>
   <div class='ocr_carea' id='block_1_3' title="bbox 14 451 33 651">
    <p class='ocr_par' dir='ltr' id='par_1_3' title="bbox 14 451 33 651">
     <span class='ocr_line' id='line_1_3' title="bbox 14 451 33 651; textangle 90"><span class='ocrx_word' id='word_1_3' title='bbox 14 507 33 651; x_wconf 50' lang='lat' dir='ltr'><strong>*anam-541:</strong></span> <span class='ocrx_word' id='word_1_4' title='bbox 31 451 33 453; x_wconf 31' lang='lat'>¹</span> 
     </span>
    </p>
   </div>
   <div class='ocr_carea' id='block_1_4' title="bbox 671 293 1664 339">
    <p class='ocr_par' dir='ltr' id='par_1_4' title="bbox 671 293 1664 339">
     <span class='ocr_line' id='line_1_4' title="bbox 671 293 1664 339; baseline 0.009 -11"><span class='ocrx_word' id='word_1_5' title='bbox 671 293 879 339; x_wconf 84' lang='lat' dir='ltr'><strong>Epistula</strong></span> <span class='ocrx_word' id='word_1_6' title='bbox 902 293 1015 328; x_wconf 86' lang='lat' dir='ltr'>LXVI</span> <span class='ocrx_word' id='word_1_7' title='bbox 1041 293 1134 328; x_wconf 82' lang='lat'>3——4</span> <span class='ocrx_word' id='word_1_8' title='bbox 1584 296 1664 337; x_wconf 85' lang='grc'><strong>651</strong></span> 
     </span>
    </p>
   </div>
   <div class='ocr_carea' id='block_1_5' title="bbox 143 421 1669 686">
    <p class='ocr_par' dir='ltr' id='par_1_5' title="bbox 143 421 1669 686">
     <span class='ocr_line' id='line_1_5' title="bbox 204 421 1668 477; baseline 0.001 -14"><span class='ocrx_word' id='word_1_9' title='bbox 204 422 240 463; x_wconf 89' lang='grc'><strong>4.</strong></span> <span class='ocrx_word' id='word_1_10' title='bbox 273 421 474 476; x_wconf 82' lang='lat' dir='ltr'><strong>Legimus</strong></span> <span class='ocrx_word' id='word_1_11' title='bbox 513 424 555 463; x_wconf 88' lang='lat' dir='ltr'><strong>et</strong></span> <span class='ocrx_word' id='word_1_12' title='bbox 591 434 761 464; x_wconf 85' lang='lat' dir='ltr'><strong>uxorem</strong></span> <span class='ocrx_word' id='word_1_13' title='bbox 801 421 1032 463; x_wconf 84' lang='lat' dir='ltr'><strong>sacerdotis</strong></span> <span class='ocrx_word' id='word_1_14' title='bbox 1063 421 1212 463; x_wconf 85' lang='lat' dir='ltr'><strong>Finees</strong></span> <span class='ocrx_word' id='word_1_15' title='bbox 1245 421 1389 463; x_wconf 89' lang='lat' dir='ltr'><strong>audita</strong></span> <span class='ocrx_word' id='word_1_16' title='bbox 1421 422 1668 477; x_wconf 85' lang='lat' dir='ltr'><strong>captiuitate</strong></span> 
     </span>
     <span class='ocr_line' id='line_1_6' title="bbox 145 485 1669 546; baseline 0.001 -14"><span class='ocrx_word' id='word_1_17' title='bbox 145 503 263 534; x_wconf 84' lang='lat' dir='ltr'><strong>arcae</strong></span> <span class='ocrx_word' id='word_1_18' title='bbox 309 491 467 534; x_wconf 91' lang='lat' dir='ltr'><strong>domini</strong></span> <span class='ocrx_word' id='word_1_19' title='bbox 511 485 651 534; x_wconf 85' lang='lat' dir='ltr'><strong>subito</strong></span> <span class='ocrx_word' id='word_1_20' title='bbox 697 492 804 546; x_wconf 87' lang='lat' dir='ltr'><strong>uteri</strong></span> <span class='ocrx_word' id='word_1_21' title='bbox 850 492 991 534; x_wconf 89' lang='lat' dir='ltr'><strong>dolore</strong></span> <span class='ocrx_word' id='word_1_22' title='bbox 1036 494 1268 546; x_wconf 76' lang='lat' dir='ltr'><strong>correptam</strong></span> <span class='ocrx_word' id='word_1_23' title='bbox 1314 492 1497 536; x_wconf 80' lang='lat' dir='ltr'>edidisse</span> <span class='ocrx_word' id='word_1_24' title='bbox 1533 493 1669 534; x_wconf 91' lang='lat' dir='ltr'><strong>filium</strong></span> 
     </span>
     <span class='ocr_line' id='line_1_7' title="bbox 143 561 1669 606; baseline 0.002 -3"><span class='ocrx_word' id='word_1_25' title='bbox 143 561 334 604; x_wconf 90' lang='lat' dir='ltr'><strong>Hicabod</strong></span> <span class='ocrx_word' id='word_1_26' title='bbox 367 563 410 604; x_wconf 89' lang='lat' dir='ltr'><strong>et</strong></span> <span class='ocrx_word' id='word_1_27' title='bbox 440 563 548 604; x_wconf 89' lang='lat' dir='ltr'><strong>inter</strong></span> <span class='ocrx_word' id='word_1_28' title='bbox 577 574 727 604; x_wconf 90' lang='lat' dir='ltr'><strong>manus</strong></span> <span class='ocrx_word' id='word_1_29' title='bbox 761 564 804 604; x_wconf 89' lang='lat' dir='ltr'><strong>et</strong></span> <span class='ocrx_word' id='word_1_30' title='bbox 829 561 968 604; x_wconf 90' lang='lat' dir='ltr'><strong>officia</strong></span> <span class='ocrx_word' id='word_1_31' title='bbox 993 562 1241 605; x_wconf 84' lang='lat' dir='ltr'><strong>feminarum</strong></span> <span class='ocrx_word' id='word_1_32' title='bbox 1268 563 1448 605; x_wconf 86' lang='lat' dir='ltr'><strong>animam</strong></span> <span class='ocrx_word' id='word_1_33' title='bbox 1475 563 1669 606; x_wconf 80' lang='lat' dir='ltr'><strong>emisisse</strong></span> 
     </span>
     <span class='ocr_line' id='line_1_8' title="bbox 145 631 1668 686; baseline 0.001 -13"><span class='ocrx_word' id='word_1_34' title='bbox 145 644 240 674; x_wconf 91' lang='lat' dir='ltr'><strong>cum</strong></span> <span class='ocrx_word' id='word_1_35' title='bbox 283 632 411 686; x_wconf 90' lang='lat' dir='ltr'><strong>prole.</strong></span> <span class='ocrx_word' id='word_1_36' title='bbox 457 631 506 673; x_wconf 89' lang='lat' dir='ltr'><strong>de</strong></span> <span class='ocrx_word' id='word_1_37' title='bbox 550 632 684 686; x_wconf 90' lang='lat' dir='ltr'><strong>prima</strong></span> <span class='ocrx_word' id='word_1_38' title='bbox 720 631 952 682; x_wconf 83' lang='lat' dir='ltr'><strong>Beniamin,</strong></span> <span class='ocrx_word' id='word_1_39' title='bbox 998 632 1076 674; x_wconf 91' lang='lat' dir='ltr'><strong>hoc</strong></span> <span class='ocrx_word' id='word_1_40' title='bbox 1124 634 1189 675; x_wconf 89' lang='lat' dir='ltr'><strong>est</strong></span> <span class='ocrx_word' id='word_1_41' title='bbox 1233 632 1359 675; x_wconf 87' lang='lat' dir='ltr'><strong>‘filius</strong></span> <span class='ocrx_word' id='word_1_42' title='bbox 1404 633 1576 676; x_wconf 90' lang='lat' dir='ltr'><strong>uirtutis</strong></span> <span class='ocrx_word' id='word_1_43' title='bbox 1622 645 1668 675; x_wconf 87' lang='lat' dir='ltr'><strong>ac</strong></span> 
     </span>
    </p>
   </div>
   <div class='ocr_carea' id='block_1_6' title="bbox 101 702 1670 760">
    <p class='ocr_par' dir='ltr' id='par_1_6' title="bbox 25 686 1670 763">
     <span class='ocr_line' id='line_1_9' title="bbox 101 702 1670 760; baseline 0.001 -15.908"><span class='ocrx_word' id='word_1_44' title='bbox 101 716 117 743; x_wconf 85' lang='lat'>5</span> <span class='ocrx_word' id='word_1_45' title='bbox 144 703 363 753; x_wconf 84' lang='lat' dir='ltr'><strong>dexterae’‚</strong></span> <span class='ocrx_word' id='word_1_46' title='bbox 395 702 447 744; x_wconf 92' lang='lat' dir='ltr'><strong>de</strong></span> <span class='ocrx_word' id='word_1_47' title='bbox 474 703 656 745; x_wconf 90' lang='lat' dir='ltr'><strong>secunda</strong></span> <span class='ocrx_word' id='word_1_48' title='bbox 679 702 854 745; x_wconf 90' lang='lat' dir='ltr'><strong>inclitus</strong></span> <span class='ocrx_word' id='word_1_49' title='bbox 882 703 1077 746; x_wconf 86' lang='lat' dir='ltr'><strong>sacerdos</strong></span> <span class='ocrx_word' id='word_1_50' title='bbox 1105 703 1172 746; x_wconf 91' lang='lat' dir='ltr'><strong>dei</strong></span> <span class='ocrx_word' id='word_1_51' title='bbox 1204 717 1251 746; x_wconf 80' lang='lat' dir='ltr'><strong>ex</strong></span> <span class='ocrx_word' id='word_1_52' title='bbox 1277 715 1395 747; x_wconf 88' lang='lat' dir='ltr'><strong>arcae</strong></span> <span class='ocrx_word' id='word_1_53' title='bbox 1421 704 1670 760; x_wconf 84' lang='lat' dir='ltr'><strong>cognomine</strong></span> 
     </span>
    </p>
   </div>
   <div class='ocr_carea' id='block_1_7' title="bbox 83 773 1709 1383">
    <p class='ocr_par' dir='ltr' id='par_1_7' title="bbox 83 773 1709 1383">
     <span class='ocr_line' id='line_1_10' title="bbox 142 773 1669 828; baseline 0.002 -14"><span class='ocrx_word' id='word_1_54' title='bbox 142 773 339 815; x_wconf 88' lang='lat' dir='ltr'><strong>nascitur.</strong></span> <span class='ocrx_word' id='word_1_55' title='bbox 377 773 498 815; x_wconf 88' lang='lat' dir='ltr'><strong>nobis</strong></span> <span class='ocrx_word' id='word_1_56' title='bbox 536 777 635 828; x_wconf 91' lang='lat' dir='ltr'><strong>post</strong></span> <span class='ocrx_word' id='word_1_57' title='bbox 671 773 965 816; x_wconf 80' lang='lat' dir='ltr'><strong>dormitionem</strong></span> <span class='ocrx_word' id='word_1_58' title='bbox 1004 786 1280 828; x_wconf 88' lang='lat' dir='ltr'><strong>somnumque</strong></span> <span class='ocrx_word' id='word_1_59' title='bbox 1319 775 1519 818; x_wconf 82' lang='lat' dir='ltr'><strong>Paulinae</strong></span> <span class='ocrx_word' id='word_1_60' title='bbox 1551 775 1669 817; x_wconf 84' lang='lat' dir='ltr'><strong>Pam-</strong></span> 
     </span>
     <span class='ocr_line' id='line_1_11' title="bbox 142 843 1670 900; baseline 0.002 -15"><span class='ocrx_word' id='word_1_61' title='bbox 142 843 354 885; x_wconf 89' lang='lat' dir='ltr'><strong>machium</strong></span> <span class='ocrx_word' id='word_1_62' title='bbox 393 844 645 886; x_wconf 85' lang='lat' dir='ltr'><strong>monachum</strong></span> <span class='ocrx_word' id='word_1_63' title='bbox 684 843 866 886; x_wconf 88' lang='lat' dir='ltr'><strong>ecclesia</strong></span> <span class='ocrx_word' id='word_1_64' title='bbox 902 845 1064 899; x_wconf 76' lang='lat' dir='ltr'><strong>peperit</strong></span> <span class='ocrx_word' id='word_1_65' title='bbox 1099 847 1347 899; x_wconf 90' lang='lat' dir='ltr'><strong>postumum</strong></span> <span class='ocrx_word' id='word_1_66' title='bbox 1385 847 1428 888; x_wconf 90' lang='lat' dir='ltr'><strong>et</strong></span> <span class='ocrx_word' id='word_1_67' title='bbox 1463 845 1595 900; x_wconf 87' lang='lat' dir='ltr'><strong>patris</strong></span> <span class='ocrx_word' id='word_1_68' title='bbox 1628 848 1670 888; x_wconf 88' lang='lat' dir='ltr'><strong>et</strong></span> 
     </span>
     <span class='ocr_line' id='line_1_12' title="bbox 143 913 1668 970; baseline 0.001 -14"><span class='ocrx_word' id='word_1_69' title='bbox 143 913 334 968; x_wconf 87' lang='lat' dir='ltr'><strong>coniugis</strong></span> <span class='ocrx_word' id='word_1_70' title='bbox 372 914 593 956; x_wconf 88' lang='lat' dir='ltr'><strong>nobilitate</strong></span> <span class='ocrx_word' id='word_1_71' title='bbox 630 914 870 968; x_wconf 85' lang='lat' dir='ltr'><strong>patricium,</strong></span> <span class='ocrx_word' id='word_1_72' title='bbox 909 915 1164 970; x_wconf 84' lang='lat' dir='ltr'><strong>elemosynis</strong></span> <span class='ocrx_word' id='word_1_73' title='bbox 1197 915 1389 966; x_wconf 84' lang='lat' dir='ltr'><strong>diuitem,</strong></span> <span class='ocrx_word' id='word_1_74' title='bbox 1427 915 1668 959; x_wconf 88' lang='lat' dir='ltr'><strong>humilitate</strong></span> 
     </span>
     <span class='ocr_line' id='line_1_13' title="bbox 143 985 1668 1040; baseline 0.002 -14"><span class='ocrx_word' id='word_1_75' title='bbox 143 985 381 1027; x_wconf 89' lang='lat' dir='ltr'><strong>sublimem.</strong></span> <span class='ocrx_word' id='word_1_76' title='bbox 416 986 634 1040; x_wconf 87' lang='lat' dir='ltr'><strong>apostolus</strong></span> <span class='ocrx_word' id='word_1_77' title='bbox 667 986 815 1028; x_wconf 78' lang='lat' dir='ltr'><strong>scribit</strong></span> <span class='ocrx_word' id='word_1_78' title='bbox 847 986 897 1028; x_wconf 80' lang='lat' dir='ltr'><strong>ad</strong></span> <span class='ocrx_word' id='word_1_79' title='bbox 932 986 1190 1029; x_wconf 75' lang='lat' dir='ltr'><strong>Corinthios:</strong></span> <span class='ocrx_word' id='word_1_80' title='bbox 1222 987 1421 1038; x_wconf 83' lang='lat' dir='ltr'><strong>uidete,</strong></span> <span class='ocrx_word' id='word_1_81' title='bbox 1453 988 1668 1036; x_wconf 74' lang='lat' dir='ltr'><strong>fratres.</strong></span> 
     </span>
     <span class='ocr_line' id='line_1_14' title="bbox 83 1056 1668 1112; baseline 0.002 -15"><span class='ocrx_word' id='word_1_82' title='bbox 83 1070 118 1098; x_wconf 86' lang='lat'><strong>10</strong></span> <span class='ocrx_word' id='word_1_83' title='bbox 144 1056 488 1098; x_wconf 88' lang='lat' dir='ltr'><strong>uocationem</strong></span> <span class='ocrx_word' id='word_1_84' title='bbox 538 1059 792 1107; x_wconf 81' lang='lat' dir='ltr'><strong>uestram,</strong></span> <span class='ocrx_word' id='word_1_85' title='bbox 852 1057 976 1110; x_wconf 89' lang='lat' dir='ltr'><strong>quia</strong></span> <span class='ocrx_word' id='word_1_86' title='bbox 1025 1070 1122 1100; x_wconf 90' lang='lat' dir='ltr'><strong>non</strong></span> <span class='ocrx_word' id='word_1_87' title='bbox 1173 1057 1333 1099; x_wconf 88' lang='lat' dir='ltr'><strong>multi</strong></span> <span class='ocrx_word' id='word_1_88' title='bbox 1387 1058 1668 1112; x_wconf 84' lang='lat' dir='ltr'><strong>sapientes</strong></span> 
     </span>
     <span class='ocr_line' id='line_1_15' title="bbox 141 1126 1669 1182; baseline 0.001 -14"><span class='ocrx_word' id='word_1_89' title='bbox 141 1126 293 1169; x_wconf 84' lang='lat' dir='ltr'><strong>iuxta</strong></span> <span class='ocrx_word' id='word_1_90' title='bbox 326 1138 546 1178; x_wconf 85' lang='lat' dir='ltr'><strong>carnem,</strong></span> <span class='ocrx_word' id='word_1_91' title='bbox 586 1140 680 1169; x_wconf 92' lang='lat' dir='ltr'><strong>non</strong></span> <span class='ocrx_word' id='word_1_92' title='bbox 712 1128 868 1169; x_wconf 88' lang='lat' dir='ltr'><strong>multi</strong></span> <span class='ocrx_word' id='word_1_93' title='bbox 902 1129 1168 1182; x_wconf 85' lang='lat' dir='ltr'><strong>potentes,</strong></span> <span class='ocrx_word' id='word_1_94' title='bbox 1202 1140 1301 1170; x_wconf 92' lang='lat' dir='ltr'><strong>non</strong></span> <span class='ocrx_word' id='word_1_95' title='bbox 1334 1127 1494 1170; x_wconf 88' lang='lat' dir='ltr'><strong>multi</strong></span> <span class='ocrx_word' id='word_1_96' title='bbox 1526 1128 1669 1170; x_wconf 87' lang='lat' dir='ltr'><strong>nobi-</strong></span> 
     </span>
     <span class='ocr_line' id='line_1_16' title="bbox 141 1198 1669 1254; baseline 0.001 -15"><span class='ocrx_word' id='word_1_97' title='bbox 141 1199 233 1240; x_wconf 87' lang='lat' dir='ltr'><strong>les.</strong></span> <span class='ocrx_word' id='word_1_98' title='bbox 265 1198 344 1240; x_wconf 92' lang='lat' dir='ltr'><strong>hoc</strong></span> <span class='ocrx_word' id='word_1_99' title='bbox 377 1198 590 1241; x_wconf 85' lang='lat' dir='ltr'><strong>nascentis</strong></span> <span class='ocrx_word' id='word_1_100' title='bbox 630 1198 834 1240; x_wconf 87' lang='lat' dir='ltr'><strong>ecclesiae</strong></span> <span class='ocrx_word' id='word_1_101' title='bbox 863 1198 1102 1241; x_wconf 83' lang='lat' dir='ltr'><strong>rudimenta</strong></span> <span class='ocrx_word' id='word_1_102' title='bbox 1132 1199 1376 1253; x_wconf 87' lang='lat' dir='ltr'><strong>poscebant,</strong></span> <span class='ocrx_word' id='word_1_103' title='bbox 1414 1201 1463 1241; x_wconf 93' lang='lat' dir='ltr'><strong>ut</strong></span> <span class='ocrx_word' id='word_1_104' title='bbox 1493 1212 1669 1254; x_wconf 88' lang='lat' dir='ltr'><strong>granum</strong></span> 
     </span>
     <span class='ocr_line' id='line_1_17' title="bbox 142 1268 1709 1325; baseline 0.001 -15"><span class='ocrx_word' id='word_1_105' title='bbox 142 1269 299 1323; x_wconf 83' lang='lat' dir='ltr'><strong>sinapis</strong></span> <span class='ocrx_word' id='word_1_106' title='bbox 343 1268 548 1322; x_wconf 87' lang='lat' dir='ltr'><strong>paulatim</strong></span> <span class='ocrx_word' id='word_1_107' title='bbox 592 1268 634 1310; x_wconf 92' lang='lat' dir='ltr'><strong>in</strong></span> <span class='ocrx_word' id='word_1_108' title='bbox 679 1269 867 1311; x_wconf 84' lang='lat' dir='ltr'><strong>arborem</strong></span> <span class='ocrx_word' id='word_1_109' title='bbox 912 1271 1132 1320; x_wconf 77' lang='lat' dir='ltr'><strong>cresceret,</strong></span> <span class='ocrx_word' id='word_1_110' title='bbox 1177 1272 1226 1311; x_wconf 87' lang='lat' dir='ltr'><strong>ut</strong></span> <span class='ocrx_word' id='word_1_111' title='bbox 1261 1270 1420 1312; x_wconf 89' lang='lat' dir='ltr'><strong>sensim</strong></span> <span class='ocrx_word' id='word_1_112' title='bbox 1459 1270 1670 1325; x_wconf 87' lang='lat' dir='ltr'><strong>euangelii</strong></span> <span class='ocrx_word' id='word_1_113' title='bbox 1706 1301 1709 1303; x_wconf 83' lang='grc'>-</span> 
     </span>
     <span class='ocr_line' id='line_1_18' title="bbox 139 1339 1669 1383; baseline 0.002 -4"><span class='ocrx_word' id='word_1_114' title='bbox 139 1339 391 1381; x_wconf 88' lang='lat' dir='ltr'><strong>fermentum</strong></span> <span class='ocrx_word' id='word_1_115' title='bbox 435 1341 568 1380; x_wconf 85' lang='lat' dir='ltr'><strong>totam</strong></span> <span class='ocrx_word' id='word_1_116' title='bbox 614 1339 817 1382; x_wconf 89' lang='lat' dir='ltr'><strong>ecclesiae</strong></span> <span class='ocrx_word' id='word_1_117' title='bbox 860 1352 1043 1382; x_wconf 82' lang='lat' dir='ltr'><strong>massam</strong></span> <span class='ocrx_word' id='word_1_118' title='bbox 1090 1340 1218 1382; x_wconf 89' lang='lat' dir='ltr'><strong>altius</strong></span> <span class='ocrx_word' id='word_1_119' title='bbox 1264 1341 1462 1383; x_wconf 87' lang='lat' dir='ltr'><strong>eleuaret.</strong></span> <span class='ocrx_word' id='word_1_120' title='bbox 1513 1340 1669 1383; x_wconf 90' lang='lat' dir='ltr'><strong>nostris</strong></span> 
     </span>
    </p>
   </div>
   <div class='ocr_carea' id='block_1_8' title="bbox 25 1395 1733 1464">
    <p class='ocr_par' dir='ltr' id='par_1_8' title="bbox 25 1395 1733 1464">
     <span class='ocr_line' id='line_1_19' title="bbox 25 1395 1733 1464; baseline 0 -12"><span class='ocrx_word' id='word_1_121' title='bbox 25 1395 34 1399; x_wconf 13' lang='lat' dir='ltr'><strong>i</strong></span> <span class='ocrx_word' id='word_1_122' title='bbox 83 1425 118 1452; x_wconf 84' lang='lat'><strong>15</strong></span> <span class='ocrx_word' id='word_1_123' title='bbox 143 1409 406 1464; x_wconf 82' lang='lat' dir='ltr'><strong>temporibus</strong></span> <span class='ocrx_word' id='word_1_124' title='bbox 438 1409 572 1452; x_wconf 87' lang='lat' dir='ltr'><strong>Roma</strong></span> <span class='ocrx_word' id='word_1_125' title='bbox 607 1409 810 1464; x_wconf 84' lang='lat' dir='ltr'><strong>possidet,</strong></span> <span class='ocrx_word' id='word_1_126' title='bbox 851 1410 962 1464; x_wconf 91' lang='lat' dir='ltr'><strong>quod</strong></span> <span class='ocrx_word' id='word_1_127' title='bbox 994 1411 1178 1452; x_wconf 90' lang='lat' dir='ltr'><strong>mundus</strong></span> <span class='ocrx_word' id='word_1_128' title='bbox 1210 1412 1305 1453; x_wconf 89' lang='lat' dir='ltr'><strong>ante</strong></span> <span class='ocrx_word' id='word_1_129' title='bbox 1337 1411 1532 1453; x_wconf 90' lang='lat' dir='ltr'><strong>nesciuit.</strong></span> <span class='ocrx_word' id='word_1_130' title='bbox 1569 1413 1669 1452; x_wconf 76' lang='lat' dir='ltr'><strong>tunc</strong></span> <span class='ocrx_word' id='word_1_131' title='bbox 1731 1423 1733 1425; x_wconf 75' lang='grc'><strong>’</strong></span> 
     </span>
    </p>
   </div>
   <div class='ocr_carea' id='block_1_9' title="bbox 142 1480 1672 1606">
    <p class='ocr_par' dir='ltr' id='par_1_9' title="bbox 142 1480 1672 1606">
     <span class='ocr_line' id='line_1_20' title="bbox 142 1480 1669 1535; baseline 0.001 -13"><span class='ocrx_word' id='word_1_132' title='bbox 142 1480 223 1522; x_wconf 83' lang='lat' dir='ltr'><strong>rari</strong></span> <span class='ocrx_word' id='word_1_133' title='bbox 262 1480 487 1535; x_wconf 85' lang='lat' dir='ltr'><strong>sapientes,</strong></span> <span class='ocrx_word' id='word_1_134' title='bbox 533 1481 741 1534; x_wconf 84' lang='lat' dir='ltr'><strong>potentes,</strong></span> <span class='ocrx_word' id='word_1_135' title='bbox 778 1480 941 1523; x_wconf 88' lang='lat' dir='ltr'><strong>nobiles</strong></span> <span class='ocrx_word' id='word_1_136' title='bbox 988 1480 1228 1531; x_wconf 81' lang='lat' dir='ltr'><strong>Christiani,</strong></span> <span class='ocrx_word' id='word_1_137' title='bbox 1275 1494 1385 1523; x_wconf 90' lang='lat' dir='ltr'><strong>nunc</strong></span> <span class='ocrx_word' id='word_1_138' title='bbox 1424 1481 1547 1523; x_wconf 90' lang='lat' dir='ltr'><strong>multi</strong></span> <span class='ocrx_word' id='word_1_139' title='bbox 1585 1492 1669 1523; x_wconf 90' lang='lat' dir='ltr'><strong>mo·</strong></span> 
     </span>
     <span class='ocr_line' id='line_1_21' title="bbox 142 1551 1672 1606; baseline 0 -12"><span class='ocrx_word' id='word_1_140' title='bbox 142 1551 264 1594; x_wconf 84' lang='lat' dir='ltr'><strong>nachi</strong></span> <span class='ocrx_word' id='word_1_141' title='bbox 296 1551 523 1606; x_wconf 82' lang='lat' dir='ltr'><strong>sapientes,</strong></span> <span class='ocrx_word' id='word_1_142' title='bbox 555 1553 764 1606; x_wconf 89' lang='lat' dir='ltr'><strong>potentes,</strong></span> <span class='ocrx_word' id='word_1_143' title='bbox 796 1551 972 1594; x_wconf 88' lang='lat' dir='ltr'><strong>nobiles.</strong></span> <span class='ocrx_word' id='word_1_144' title='bbox 1005 1552 1158 1605; x_wconf 88' lang='lat' dir='ltr'><strong>quibus</strong></span> <span class='ocrx_word' id='word_1_145' title='bbox 1186 1553 1350 1595; x_wconf 82' lang='lat' dir='ltr'><strong>cunctis</strong></span> <span class='ocrx_word' id='word_1_146' title='bbox 1374 1551 1672 1602; x_wconf 84' lang='lat' dir='ltr'><strong>Pammachius</strong></span> 
     </span>
    </p>
   </div>
   <div class='ocr_carea' id='block_1_10' title="bbox 142 1622 1744 1679">
    <p class='ocr_par' dir='ltr' id='par_1_10' title="bbox 142 1622 1744 1679">
     <span class='ocr_line' id='line_1_22' title="bbox 142 1622 1744 1679; baseline -0.001 -15"><span class='ocrx_word' id='word_1_147' title='bbox 142 1635 261 1664; x_wconf 87' lang='lat' dir='ltr'><strong>meus</strong></span> <span class='ocrx_word' id='word_1_148' title='bbox 289 1623 529 1677; x_wconf 87' lang='lat' dir='ltr'><strong>sapientior,</strong></span> <span class='ocrx_word' id='word_1_149' title='bbox 553 1622 783 1677; x_wconf 87' lang='lat' dir='ltr'><strong>potentior,</strong></span> <span class='ocrx_word' id='word_1_150' title='bbox 810 1622 1007 1665; x_wconf 91' lang='lat' dir='ltr'><strong>nobilior:</strong></span> <span class='ocrx_word' id='word_1_151' title='bbox 1037 1635 1217 1678; x_wconf 85' lang='lat' dir='ltr'><strong>magnus</strong></span> <span class='ocrx_word' id='word_1_152' title='bbox 1242 1622 1283 1665; x_wconf 93' lang='lat' dir='ltr'><strong>in</strong></span> <span class='ocrx_word' id='word_1_153' title='bbox 1305 1622 1485 1678; x_wconf 81' lang='lat' dir='ltr'><strong>magnis,</strong></span> <span class='ocrx_word' id='word_1_154' title='bbox 1511 1622 1673 1676; x_wconf 90' lang='lat' dir='ltr'><strong>primus</strong></span> <span class='ocrx_word' id='word_1_155' title='bbox 1742 1676 1744 1679; x_wconf 23' lang='grc' dir='ltr'>Ι</span> 
     </span>
    </p>
   </div>
   <div class='ocr_carea' id='block_1_11' title="bbox 141 1690 1675 1749">
    <p class='ocr_par' dir='ltr' id='par_1_11' title="bbox 141 1690 1675 1749">
     <span class='ocr_line' id='line_1_23' title="bbox 141 1690 1675 1749; baseline 0 -15"><span class='ocrx_word' id='word_1_156' title='bbox 141 1694 182 1734; x_wconf 90' lang='lat' dir='ltr'><strong>in</strong></span> <span class='ocrx_word' id='word_1_157' title='bbox 215 1694 378 1747; x_wconf 88' lang='lat' dir='ltr'><strong>primis,</strong></span> <span class='ocrx_word' id='word_1_158' title='bbox 412 1690 727 1749; x_wconf 72' lang='grc' dir='ltr'>ἀρχιστρατηγός</span> <span class='ocrx_word' id='word_1_159' title='bbox 757 1694 1070 1736; x_wconf 90' lang='lat' dir='ltr'><strong>monachorum.</strong></span> <span class='ocrx_word' id='word_1_160' title='bbox 1103 1693 1209 1736; x_wconf 85' lang='lat' dir='ltr'><strong>tales</strong></span> <span class='ocrx_word' id='word_1_161' title='bbox 1236 1694 1414 1736; x_wconf 84' lang='lat' dir='ltr'><strong>Paulina</strong></span> <span class='ocrx_word' id='word_1_162' title='bbox 1437 1695 1571 1736; x_wconf 89' lang='lat' dir='ltr'><strong>morte</strong></span> <span class='ocrx_word' id='word_1_163' title='bbox 1598 1705 1675 1735; x_wconf 90' lang='lat' dir='ltr'><strong>sua</strong></span> 
     </span>
    </p>
   </div>
   <div class='ocr_carea' id='block_1_12' title="bbox 149 1808 1674 1912">
    <p class='ocr_par' dir='ltr' id='par_1_12' title="bbox 149 1808 1674 1912">
     <span class='ocr_line' id='line_1_24' title="bbox 266 1808 1674 1854; baseline 0 -11"><span class='ocrx_word' id='word_1_164' title='bbox 266 1810 282 1843; x_wconf 95' lang='lat'>1</span> <span class='ocrx_word' id='word_1_165' title='bbox 313 1808 357 1844; x_wconf 91' lang='lat' dir='ltr'><strong>cf.</strong></span> <span class='ocrx_word' id='word_1_166' title='bbox 383 1809 402 1843; x_wconf 94' lang='lat' dir='ltr'>I</span> <span class='ocrx_word' id='word_1_167' title='bbox 427 1809 516 1854; x_wconf 88' lang='lat' dir='ltr'><strong>Reg.</strong></span> <span class='ocrx_word' id='word_1_168' title='bbox 542 1810 577 1854; x_wconf 87' lang='lat'><strong>4,</strong></span> <span class='ocrx_word' id='word_1_169' title='bbox 605 1809 744 1844; x_wconf 81' lang='lat'>19—22</span> <span class='ocrx_word' id='word_1_170' title='bbox 864 1810 887 1844; x_wconf 88' lang='grc'>4</span> <span class='ocrx_word' id='word_1_171' title='bbox 914 1809 957 1845; x_wconf 87' lang='lat' dir='ltr'><strong>cf.</strong></span> <span class='ocrx_word' id='word_1_172' title='bbox 985 1809 1074 1845; x_wconf 88' lang='lat' dir='ltr'><strong>Gen.</strong></span> <span class='ocrx_word' id='word_1_173' title='bbox 1101 1810 1157 1852; x_wconf 85' lang='lat'><strong>35,</strong></span> <span class='ocrx_word' id='word_1_174' title='bbox 1187 1810 1229 1845; x_wconf 86' lang='grc'><strong>18</strong></span> <span class='ocrx_word' id='word_1_175' title='bbox 1351 1810 1372 1844; x_wconf 99' lang='grc'>9</span> <span class='ocrx_word' id='word_1_176' title='bbox 1398 1809 1436 1844; x_wconf 85' lang='grc' dir='ltr'><strong>*Ι</strong></span> <span class='ocrx_word' id='word_1_177' title='bbox 1463 1809 1541 1845; x_wconf 84' lang='lat' dir='ltr'><strong>Cor.</strong></span> <span class='ocrx_word' id='word_1_178' title='bbox 1571 1810 1601 1850; x_wconf 96' lang='lat'><strong>1,</strong></span> <span class='ocrx_word' id='word_1_179' title='bbox 1628 1809 1674 1843; x_wconf 84' lang='lat'><strong>26</strong></span> 
     </span>
     <span class='ocr_line' id='line_1_25' title="bbox 149 1868 533 1912; baseline -0.003 -8"><span class='ocrx_word' id='word_1_180' title='bbox 149 1869 191 1904; x_wconf 85' lang='lat'><strong>12</strong></span> <span class='ocrx_word' id='word_1_181' title='bbox 219 1869 263 1904; x_wconf 84' lang='lat' dir='ltr'><strong>cf.</strong></span> <span class='ocrx_word' id='word_1_182' title='bbox 289 1869 375 1903; x_wconf 89' lang='lat' dir='ltr'><strong>Luc.</strong></span> <span class='ocrx_word' id='word_1_183' title='bbox 405 1868 460 1912; x_wconf 89' lang='grc'><strong>13,</strong></span> <span class='ocrx_word' id='word_1_184' title='bbox 489 1869 533 1903; x_wconf 89' lang='grc'><strong>19</strong></span> 
     </span>
    </p>
   </div>
   <div class='ocr_carea' id='block_1_13' title="bbox 137 1938 1684 2930">
    <p class='ocr_par' dir='ltr' id='par_1_13' title="bbox 137 1938 1684 2930">
     <span class='ocr_line' id='line_1_26' title="bbox 191 1938 1673 1984; baseline 0 -10"><span class='ocrx_word' id='word_1_185' title='bbox 191 1940 208 1974; x_wconf 95' lang='grc'>1</span> <span class='ocrx_word' id='word_1_186' title='bbox 239 1941 276 1974; x_wconf 83' lang='lat' dir='ltr'><strong>et</strong></span> <span class='ocrx_word' id='word_1_187' title='bbox 302 1949 369 1974; x_wconf 85' lang='lat' dir='ltr'><strong>om.</strong></span> <span class='ocrx_word' id='word_1_188' title='bbox 400 1938 433 1973; x_wconf 99' lang='lat' dir='ltr'><strong><em>G</em></strong></span> <span class='ocrx_word' id='word_1_189' title='bbox 537 1938 687 1984; x_wconf 89' lang='lat' dir='ltr'><strong>phinees</strong></span> <span class='ocrx_word' id='word_1_190' title='bbox 711 1949 736 1983; x_wconf 79' lang='grc' dir='ltr'><strong><em>ς</em></strong></span> <span class='ocrx_word' id='word_1_191' title='bbox 831 1939 853 1972; x_wconf 86' lang='grc'>2</span> <span class='ocrx_word' id='word_1_192' title='bbox 879 1939 995 1973; x_wconf 87' lang='lat' dir='ltr'><strong>ueteri</strong></span> <span class='ocrx_word' id='word_1_193' title='bbox 1020 1939 1055 1973; x_wconf 79' lang='lat' dir='ltr'><strong><em>A</em></strong></span> <span class='ocrx_word' id='word_1_194' title='bbox 1152 1939 1173 1974; x_wconf 87' lang='grc'><strong>3</strong></span> <span class='ocrx_word' id='word_1_195' title='bbox 1199 1939 1347 1974; x_wconf 85' lang='lat' dir='ltr'><strong>hicabot</strong></span> <span class='ocrx_word' id='word_1_196' title='bbox 1372 1939 1407 1977; x_wconf 49' lang='grc' dir='ltr'>ἦ</span> <span class='ocrx_word' id='word_1_197' title='bbox 1431 1938 1612 1974; x_wconf 85' lang='lat' dir='ltr'><strong>hichabod</strong></span> <span class='ocrx_word' id='word_1_198' title='bbox 1637 1939 1673 1974; x_wconf 81' lang='lat' dir='ltr'><strong><em>A</em></strong></span> 
     </span>
     <span class='ocr_line' id='line_1_27' title="bbox 141 1996 1672 2043; baseline 0 -10"><span class='ocrx_word' id='word_1_199' title='bbox 141 1998 315 2034; x_wconf 87' lang='lat' dir='ltr'><strong>hichabet</strong></span> <span class='ocrx_word' id='word_1_200' title='bbox 340 2001 399 2041; x_wconf 65' lang='lat' dir='ltr'><strong>(av</strong></span> <span class='ocrx_word' id='word_1_201' title='bbox 419 1998 515 2040; x_wconf 92' lang='lat' dir='ltr'><strong>-bot)</strong></span> <span class='ocrx_word' id='word_1_202' title='bbox 536 1997 576 2032; x_wconf 89' lang='lat' dir='ltr'><em>D</em></span> <span class='ocrx_word' id='word_1_203' title='bbox 599 1997 751 2032; x_wconf 89' lang='lat' dir='ltr'><strong>incabod</strong></span> <span class='ocrx_word' id='word_1_204' title='bbox 770 1997 813 2032; x_wconf 87' lang='lat' dir='ltr'><strong><em>K</em></strong></span> <span class='ocrx_word' id='word_1_205' title='bbox 835 1997 1029 2033; x_wconf 87' lang='lat' dir='ltr'><strong>iachaboth</strong></span> <span class='ocrx_word' id='word_1_206' title='bbox 1056 1997 1130 2043; x_wconf 75' lang='lat' dir='ltr'><strong>(pr.</strong></span> <span class='ocrx_word' id='word_1_207' title='bbox 1151 2009 1172 2033; x_wconf 86' lang='lat' dir='ltr'><strong>a</strong></span> <span class='ocrx_word' id='word_1_208' title='bbox 1192 2000 1285 2042; x_wconf 75' lang='lat' dir='ltr'><strong>exp.)</strong></span> <span class='ocrx_word' id='word_1_209' title='bbox 1307 1998 1343 2032; x_wconf 99' lang='grc' dir='ltr'><strong><em>Β</em></strong></span> <span class='ocrx_word' id='word_1_210' title='bbox 1361 1996 1491 2033; x_wconf 80' lang='lat' dir='ltr'><strong>icabod</strong></span> <span class='ocrx_word' id='word_1_211' title='bbox 1509 2009 1534 2042; x_wconf 76' lang='grc' dir='ltr'><em>ς</em></span> <span class='ocrx_word' id='word_1_212' title='bbox 1607 1997 1672 2035; x_wconf 75' lang='lat' dir='ltr'><strong>alt.</strong></span> 
     </span>
     <span class='ocr_line' id='line_1_28' title="bbox 143 2046 1673 2103; baseline -0.001 -10"><span class='ocrx_word' id='word_1_213' title='bbox 143 2059 196 2103; x_wconf 87' lang='lat' dir='ltr'><strong>et]</strong></span> <span class='ocrx_word' id='word_1_214' title='bbox 217 2059 327 2103; x_wconf 87' lang='lat' dir='ltr'><strong>atque</strong></span> <span class='ocrx_word' id='word_1_215' title='bbox 351 2057 454 2102; x_wconf 57' lang='lat' dir='ltr'><strong>Qpae.</strong></span> <span class='ocrx_word' id='word_1_216' title='bbox 482 2056 599 2102; x_wconf 87' lang='lat' dir='ltr'><strong>adque</strong></span> <span class='ocrx_word' id='word_1_217' title='bbox 627 2056 662 2091; x_wconf 90' lang='lat' dir='ltr'><strong><em>G</em></strong></span> <span class='ocrx_word' id='word_1_218' title='bbox 735 2046 922 2091; x_wconf 78' lang='lat' dir='ltr'><strong>demisisse</strong></span> <span class='ocrx_word' id='word_1_219' title='bbox 948 2056 992 2091; x_wconf 93' lang='lat' dir='ltr'><strong><em>K</em></strong></span> <span class='ocrx_word' id='word_1_220' title='bbox 1014 2056 1161 2092; x_wconf 85' lang='lat' dir='ltr'><strong>dimisse</strong></span> <span class='ocrx_word' id='word_1_221' title='bbox 1192 2057 1226 2091; x_wconf 81' lang='lat'><strong>¹1¹</strong></span> <span class='ocrx_word' id='word_1_222' title='bbox 1279 2056 1302 2090; x_wconf 85' lang='lat'>4</span> <span class='ocrx_word' id='word_1_223' title='bbox 1330 2055 1373 2091; x_wconf 89' lang='lat' dir='ltr'><strong>de</strong></span> <span class='ocrx_word' id='word_1_224' title='bbox 1399 2067 1467 2091; x_wconf 92' lang='lat' dir='ltr'><strong>om.</strong></span> <span class='ocrx_word' id='word_1_225' title='bbox 1493 2056 1533 2091; x_wconf 90' lang='lat' dir='ltr'><em>D</em></span> <span class='ocrx_word' id='word_1_226' title='bbox 1605 2056 1673 2091; x_wconf 90' lang='lat' dir='ltr'><strong>hoc</strong></span> 
     </span>
     <span class='ocr_line' id='line_1_29' title="bbox 144 2115 1676 2162; baseline -0.001 -11"><span class='ocrx_word' id='word_1_227' title='bbox 144 2117 214 2162; x_wconf 79' lang='lat' dir='ltr'><strong>est]</strong></span> <span class='ocrx_word' id='word_1_228' title='bbox 241 2116 277 2150; x_wconf 92' lang='lat' dir='ltr'><strong>in</strong></span> <span class='ocrx_word' id='word_1_229' title='bbox 305 2115 373 2151; x_wconf 92' lang='lat' dir='ltr'><strong>hoc</strong></span> <span class='ocrx_word' id='word_1_230' title='bbox 401 2115 435 2150; x_wconf 94' lang='lat' dir='ltr'><strong><em>G</em></strong></span> <span class='ocrx_word' id='word_1_231' title='bbox 557 2116 613 2160; x_wconf 89' lang='lat' dir='ltr'><strong>ac]</strong></span> <span class='ocrx_word' id='word_1_232' title='bbox 641 2117 704 2150; x_wconf 89' lang='lat' dir='ltr'><strong>aut</strong></span> <span class='ocrx_word' id='word_1_233' title='bbox 728 2115 767 2149; x_wconf 91' lang='lat' dir='ltr'><em>D</em></span> <span class='ocrx_word' id='word_1_234' title='bbox 876 2116 897 2149; x_wconf 80' lang='lat'>5</span> <span class='ocrx_word' id='word_1_235' title='bbox 923 2126 964 2150; x_wconf 85' lang='lat' dir='ltr'><strong>ex</strong></span> <span class='ocrx_word' id='word_1_236' title='bbox 990 2115 1119 2150; x_wconf 81' lang='lat' dir='ltr'><strong>archae</strong></span> <span class='ocrx_word' id='word_1_237' title='bbox 1146 2115 1182 2149; x_wconf 92' lang='grc' dir='ltr'><strong><em>Β</em></strong></span> <span class='ocrx_word' id='word_1_238' title='bbox 1207 2117 1245 2150; x_wconf 82' lang='lat' dir='ltr'><strong>et</strong></span> <span class='ocrx_word' id='word_1_239' title='bbox 1269 2115 1374 2150; x_wconf 88' lang='lat' dir='ltr'><strong>arche</strong></span> <span class='ocrx_word' id='word_1_240' title='bbox 1400 2115 1439 2149; x_wconf 88' lang='lat' dir='ltr'><em>D</em></span> <span class='ocrx_word' id='word_1_241' title='bbox 1465 2117 1502 2150; x_wconf 88' lang='lat' dir='ltr'><strong>et</strong></span> <span class='ocrx_word' id='word_1_242' title='bbox 1527 2125 1567 2149; x_wconf 83' lang='lat' dir='ltr'><strong>ex</strong></span> <span class='ocrx_word' id='word_1_243' title='bbox 1594 2125 1676 2161; x_wconf 71' lang='lat' dir='ltr'><strong>arce</strong></span> 
     </span>
     <span class='ocr_line' id='line_1_30' title="bbox 145 2172 1675 2226; baseline -0.001 -16"><span class='ocrx_word' id='word_1_244' title='bbox 145 2186 204 2226; x_wconf 65' lang='lat' dir='ltr'><strong>(ex</strong></span> <span class='ocrx_word' id='word_1_245' title='bbox 229 2178 366 2222; x_wconf 72' lang='lat' dir='ltr'><strong>exerce)</strong></span> <span class='ocrx_word' id='word_1_246' title='bbox 393 2175 430 2209; x_wconf 89' lang='lat' dir='ltr'><strong><em>A</em></strong></span> <span class='ocrx_word' id='word_1_247' title='bbox 527 2185 726 2220; x_wconf 85' lang='lat' dir='ltr'><strong>cognomen</strong></span> <span class='ocrx_word' id='word_1_248' title='bbox 753 2174 792 2209; x_wconf 92' lang='lat' dir='ltr'><em>D</em></span> <span class='ocrx_word' id='word_1_249' title='bbox 870 2174 892 2209; x_wconf 88' lang='grc'>6</span> <span class='ocrx_word' id='word_1_250' title='bbox 918 2174 1168 2220; x_wconf 86' lang='lat' dir='ltr'><strong>somniumque</strong></span> <span class='ocrx_word' id='word_1_251' title='bbox 1193 2174 1229 2208; x_wconf 91' lang='lat' dir='ltr'><em>B</em></span> <span class='ocrx_word' id='word_1_252' title='bbox 1255 2176 1292 2209; x_wconf 89' lang='lat' dir='ltr'><strong>et</strong></span> <span class='ocrx_word' id='word_1_253' title='bbox 1317 2183 1479 2209; x_wconf 90' lang='lat' dir='ltr'><strong>somnum</strong></span> <span class='ocrx_word' id='word_1_254' title='bbox 1505 2172 1566 2210; x_wconf 65' lang='lat' dir='ltr'><strong>ffia</strong></span> <span class='ocrx_word' id='word_1_255' title='bbox 1581 2175 1675 2209; x_wconf 77' lang='lat' dir='ltr'><strong>e.m2</strong></span> 
     </span>
     <span class='ocr_line' id='line_1_31' title="bbox 141 2232 1680 2280; baseline -0.002 -10"><span class='ocrx_word' id='word_1_256' title='bbox 141 2234 407 2280; x_wconf 87' lang='lat' dir='ltr'><strong>pammachium</strong></span> <span class='ocrx_word' id='word_1_257' title='bbox 434 2233 653 2280; x_wconf 84' lang='lat' dir='ltr'><strong>pammachii</strong></span> <span class='ocrx_word' id='word_1_258' title='bbox 678 2233 715 2267; x_wconf 91' lang='lat' dir='ltr'><em>B</em></span> <span class='ocrx_word' id='word_1_259' title='bbox 835 2233 854 2267; x_wconf 87' lang='lat'><strong>7</strong></span> <span class='ocrx_word' id='word_1_260' title='bbox 882 2233 1055 2268; x_wconf 84' lang='lat' dir='ltr'><strong>ecclesiae</strong></span> <span class='ocrx_word' id='word_1_261' title='bbox 1079 2232 1162 2267; x_wconf 64' lang='lat' dir='ltr'><strong>KP</strong></span> <span class='ocrx_word' id='word_1_262' title='bbox 1301 2233 1457 2278; x_wconf 90' lang='lat' dir='ltr'><strong>peperit]</strong></span> <span class='ocrx_word' id='word_1_263' title='bbox 1485 2233 1612 2278; x_wconf 85' lang='lat' dir='ltr'><strong>genuit</strong></span> <span class='ocrx_word' id='word_1_264' title='bbox 1636 2233 1680 2268; x_wconf 90' lang='lat' dir='ltr'><em>D</em></span> 
     </span>
     <span class='ocr_line' id='line_1_32' title="bbox 144 2291 1673 2339; baseline -0.002 -10"><span class='ocrx_word' id='word_1_265' title='bbox 144 2294 375 2339; x_wconf 84' lang='lat' dir='ltr'><strong>posthumum</strong></span> <span class='ocrx_word' id='word_1_266' title='bbox 395 2292 526 2337; x_wconf 83' lang='lat' dir='ltr'><strong>KD&#39;I&#39;,</strong></span> <span class='ocrx_word' id='word_1_267' title='bbox 546 2293 614 2328; x_wconf 77' lang='lat' dir='ltr'><strong>litt.</strong></span> <span class='ocrx_word' id='word_1_268' title='bbox 635 2293 656 2327; x_wconf 92' lang='lat' dir='ltr'><strong>h</strong></span> <span class='ocrx_word' id='word_1_269' title='bbox 676 2303 704 2327; x_wconf 85' lang='lat' dir='ltr'><strong>s.</strong></span> <span class='ocrx_word' id='word_1_270' title='bbox 726 2293 749 2327; x_wconf 91' lang='lat' dir='ltr'><strong>l.</strong></span> <span class='ocrx_word' id='word_1_271' title='bbox 769 2291 866 2335; x_wconf 69' lang='lat' dir='ltr'><strong>add„</strong></span> <span class='ocrx_word' id='word_1_272' title='bbox 892 2292 956 2327; x_wconf 77' lang='lat' dir='ltr'><strong>sed</strong></span> <span class='ocrx_word' id='word_1_273' title='bbox 968 2294 1101 2336; x_wconf 76' lang='lat' dir='ltr'><strong>postea</strong></span> <span class='ocrx_word' id='word_1_274' title='bbox 1121 2301 1215 2327; x_wconf 75' lang='lat' dir='ltr'><strong>eras.</strong></span> <span class='ocrx_word' id='word_1_275' title='bbox 1234 2291 1268 2330; x_wconf 63' lang='grc' dir='ltr'><strong>ΞΒ</strong></span> <span class='ocrx_word' id='word_1_276' title='bbox 1288 2293 1371 2337; x_wconf 88' lang='lat' dir='ltr'><strong>post</strong></span> <span class='ocrx_word' id='word_1_277' title='bbox 1389 2302 1499 2326; x_wconf 87' lang='lat' dir='ltr'><strong>unum</strong></span> <span class='ocrx_word' id='word_1_278' title='bbox 1522 2291 1673 2333; x_wconf 79' lang='lat' dir='ltr'><strong>G,Aa.e.</strong></span> 
     </span>
     <span class='ocr_line' id='line_1_33' title="bbox 137 2341 1684 2399; baseline -0.003 -11"><span class='ocrx_word' id='word_1_279' title='bbox 137 2341 207 2399; x_wconf 64' lang='lat' dir='ltr'><strong>prj</strong></span> <span class='ocrx_word' id='word_1_280' title='bbox 234 2356 271 2388; x_wconf 85' lang='lat' dir='ltr'><strong>et</strong></span> <span class='ocrx_word' id='word_1_281' title='bbox 304 2364 372 2388; x_wconf 84' lang='lat' dir='ltr'><strong>om.</strong></span> <span class='ocrx_word' id='word_1_282' title='bbox 404 2351 486 2387; x_wconf 77' lang='grc' dir='ltr'><strong>ΚΨ</strong></span> <span class='ocrx_word' id='word_1_283' title='bbox 623 2352 645 2387; x_wconf 82' lang='grc'>8</span> <span class='ocrx_word' id='word_1_284' title='bbox 677 2341 1012 2395; x_wconf 61' lang='grc' dir='ltr'><strong>θσιεΒηεωοεῑηῑε</strong></span> <span class='ocrx_word' id='word_1_285' title='bbox 1043 2350 1118 2386; x_wconf 84' lang='lat' dir='ltr'><strong>DB</strong></span> <span class='ocrx_word' id='word_1_286' title='bbox 1152 2350 1238 2396; x_wconf 85' lang='lat' dir='ltr'><strong>eli(y</strong></span> <span class='ocrx_word' id='word_1_287' title='bbox 1251 2350 1490 2395; x_wconf 61' lang='lat' dir='ltr'><strong>Aaemosinis</strong></span> <span class='ocrx_word' id='word_1_288' title='bbox 1520 2349 1684 2388; x_wconf 63' lang='lat' dir='ltr'><strong>KAffls</strong></span> 
     </span>
     <span class='ocr_line' id='line_1_34' title="bbox 143 2407 1679 2454; baseline 0 -8"><span class='ocrx_word' id='word_1_289' title='bbox 143 2413 240 2447; x_wconf 87' lang='lat' dir='ltr'><strong>hum.</strong></span> <span class='ocrx_word' id='word_1_290' title='bbox 266 2411 359 2446; x_wconf 86' lang='lat' dir='ltr'><strong>subl.</strong></span> <span class='ocrx_word' id='word_1_291' title='bbox 385 2421 452 2446; x_wconf 89' lang='lat' dir='ltr'><strong>om.</strong></span> <span class='ocrx_word' id='word_1_292' title='bbox 479 2411 518 2446; x_wconf 93' lang='lat' dir='ltr'><em>D</em></span> <span class='ocrx_word' id='word_1_293' title='bbox 591 2411 613 2445; x_wconf 87' lang='lat'>9</span> <span class='ocrx_word' id='word_1_294' title='bbox 639 2410 784 2445; x_wconf 85' lang='lat' dir='ltr'><strong>scribsit</strong></span> <span class='ocrx_word' id='word_1_295' title='bbox 809 2409 977 2454; x_wconf 79' lang='lat' dir='ltr'><strong>5Bp.c.m2</strong></span> <span class='ocrx_word' id='word_1_296' title='bbox 1073 2409 1288 2445; x_wconf 79' lang='lat' dir='ltr'><strong>corrinthios</strong></span> <span class='ocrx_word' id='word_1_297' title='bbox 1314 2408 1349 2443; x_wconf 79' lang='lat' dir='ltr'><strong><em>A</em></strong></span> <span class='ocrx_word' id='word_1_298' title='bbox 1376 2409 1580 2444; x_wconf 84' lang='lat' dir='ltr'><strong>corintheos</strong></span> <span class='ocrx_word' id='word_1_299' title='bbox 1600 2407 1679 2446; x_wconf 61' lang='lat' dir='ltr'><strong>§RD</strong></span> 
     </span>
     <span class='ocr_line' id='line_1_35' title="bbox 147 2468 1674 2516; baseline -0.002 -10"><span class='ocrx_word' id='word_1_300' title='bbox 147 2471 190 2506; x_wconf 88' lang='grc'><strong>10</strong></span> <span class='ocrx_word' id='word_1_301' title='bbox 217 2471 302 2516; x_wconf 87' lang='lat' dir='ltr'><strong>quia</strong></span> <span class='ocrx_word' id='word_1_302' title='bbox 326 2481 394 2505; x_wconf 87' lang='lat' dir='ltr'><strong>om.</strong></span> <span class='ocrx_word' id='word_1_303' title='bbox 419 2470 503 2504; x_wconf 82' lang='lat' dir='ltr'><em>K¹l¹</em></span> <span class='ocrx_word' id='word_1_304' title='bbox 627 2470 669 2504; x_wconf 90' lang='lat'><strong>11</strong></span> <span class='ocrx_word' id='word_1_305' title='bbox 697 2469 1012 2514; x_wconf 85' lang='lat' dir='ltr'><strong>iuxta—potentes</strong></span> <span class='ocrx_word' id='word_1_306' title='bbox 1031 2471 1186 2514; x_wconf 75' lang='lat' dir='ltr'><strong>propter</strong></span> <span class='ocrx_word' id='word_1_307' title='bbox 1209 2468 1517 2504; x_wconf 77' lang='lat' dir='ltr'><strong>homoeoteleuton</strong></span> <span class='ocrx_word' id='word_1_308' title='bbox 1542 2469 1583 2503; x_wconf 79' lang='lat' dir='ltr'><strong>in</strong></span> <span class='ocrx_word' id='word_1_309' title='bbox 1609 2473 1674 2503; x_wconf 85' lang='lat' dir='ltr'><strong>cet.</strong></span> 
     </span>
     <span class='ocr_line' id='line_1_36' title="bbox 144 2526 1672 2574; baseline -0.003 -9"><span class='ocrx_word' id='word_1_310' title='bbox 144 2531 280 2566; x_wconf 74' lang='lat' dir='ltr'><strong>omissa</strong></span> <span class='ocrx_word' id='word_1_311' title='bbox 304 2530 406 2565; x_wconf 79' lang='lat' dir='ltr'><strong>solus</strong></span> <span class='ocrx_word' id='word_1_312' title='bbox 430 2529 598 2564; x_wconf 74' lang='lat' dir='ltr'><strong>seruauit</strong></span> <span class='ocrx_word' id='word_1_313' title='bbox 625 2528 659 2564; x_wconf 93' lang='lat' dir='ltr'><strong><em>G</em></strong></span> <span class='ocrx_word' id='word_1_314' title='bbox 710 2528 754 2563; x_wconf 85' lang='lat'><strong>12</strong></span> <span class='ocrx_word' id='word_1_315' title='bbox 781 2527 967 2563; x_wconf 85' lang='lat' dir='ltr'><strong>nascentia</strong></span> <span class='ocrx_word' id='word_1_316' title='bbox 995 2527 1028 2563; x_wconf 88' lang='lat' dir='ltr'><strong><em>G</em></strong></span> <span class='ocrx_word' id='word_1_317' title='bbox 1102 2527 1288 2574; x_wconf 84' lang='lat' dir='ltr'><strong>ecclesiae]</strong></span> <span class='ocrx_word' id='word_1_318' title='bbox 1314 2526 1399 2562; x_wconf 85' lang='lat' dir='ltr'><strong>fidei</strong></span> <span class='ocrx_word' id='word_1_319' title='bbox 1422 2526 1456 2562; x_wconf 88' lang='lat' dir='ltr'><strong><em>G</em></strong></span> <span class='ocrx_word' id='word_1_320' title='bbox 1507 2527 1549 2562; x_wconf 91' lang='lat'><strong>13</strong></span> <span class='ocrx_word' id='word_1_321' title='bbox 1576 2527 1672 2561; x_wconf 87' lang='lat' dir='ltr'><strong>sina-</strong></span> 
     </span>
     <span class='ocr_line' id='line_1_37' title="bbox 145 2585 1674 2634; baseline -0.003 -10"><span class='ocrx_word' id='word_1_322' title='bbox 145 2589 201 2634; x_wconf 84' lang='lat' dir='ltr'><strong>pis</strong></span> <span class='ocrx_word' id='word_1_323' title='bbox 226 2600 254 2624; x_wconf 86' lang='lat' dir='ltr'><strong>s.</strong></span> <span class='ocrx_word' id='word_1_324' title='bbox 282 2589 304 2624; x_wconf 83' lang='lat' dir='ltr'><strong>l.</strong></span> <span class='ocrx_word' id='word_1_325' title='bbox 330 2588 367 2624; x_wconf 93' lang='grc' dir='ltr'><strong><em>Β</em></strong></span> <span class='ocrx_word' id='word_1_326' title='bbox 393 2588 538 2634; x_wconf 83' lang='lat' dir='ltr'><strong>synapis</strong></span> <span class='ocrx_word' id='word_1_327' title='bbox 564 2587 603 2622; x_wconf 94' lang='lat' dir='ltr'><em>D</em></span> <span class='ocrx_word' id='word_1_328' title='bbox 700 2586 826 2622; x_wconf 85' lang='lat' dir='ltr'><strong>arbore</strong></span> <span class='ocrx_word' id='word_1_329' title='bbox 855 2585 925 2621; x_wconf 87' lang='lat' dir='ltr'><strong>GA</strong></span> <span class='ocrx_word' id='word_1_330' title='bbox 1023 2596 1182 2621; x_wconf 85' lang='lat' dir='ltr'><strong>crescere</strong></span> <span class='ocrx_word' id='word_1_331' title='bbox 1206 2585 1246 2620; x_wconf 94' lang='lat' dir='ltr'><em>D</em></span> <span class='ocrx_word' id='word_1_332' title='bbox 1325 2587 1365 2620; x_wconf 85' lang='lat' dir='ltr'><strong>ut</strong></span> <span class='ocrx_word' id='word_1_333' title='bbox 1390 2595 1457 2620; x_wconf 87' lang='lat' dir='ltr'><strong>om.</strong></span> <span class='ocrx_word' id='word_1_334' title='bbox 1487 2585 1519 2620; x_wconf 94' lang='lat' dir='ltr'><strong><em>G</em></strong></span> <span class='ocrx_word' id='word_1_335' title='bbox 1594 2595 1674 2620; x_wconf 85' lang='lat' dir='ltr'><strong>sen·</strong></span> 
     </span>
     <span class='ocr_line' id='line_1_38' title="bbox 146 2643 1680 2694; baseline -0.003 -11"><span class='ocrx_word' id='word_1_336' title='bbox 146 2659 222 2683; x_wconf 89' lang='lat' dir='ltr'><strong>sum</strong></span> <span class='ocrx_word' id='word_1_337' title='bbox 248 2647 288 2682; x_wconf 93' lang='lat' dir='ltr'><em>D</em></span> <span class='ocrx_word' id='word_1_338' title='bbox 313 2648 517 2694; x_wconf 75' lang='lat' dir='ltr'><strong>sensimque</strong></span> <span class='ocrx_word' id='word_1_339' title='bbox 541 2646 592 2690; x_wconf 85' lang='lat' dir='ltr'><strong>G‚·</strong></span> <span class='ocrx_word' id='word_1_340' title='bbox 620 2645 706 2681; x_wconf 81' lang='lat' dir='ltr'><strong>add.</strong></span> <span class='ocrx_word' id='word_1_341' title='bbox 734 2646 771 2680; x_wconf 88' lang='lat' dir='ltr'><strong>et</strong></span> <span class='ocrx_word' id='word_1_342' title='bbox 788 2645 825 2680; x_wconf 92' lang='grc' dir='ltr'><strong><em>Β</em></strong></span> <span class='ocrx_word' id='word_1_343' title='bbox 850 2646 954 2689; x_wconf 78' lang='lat' dir='ltr'><strong>(corr.</strong></span> <span class='ocrx_word' id='word_1_344' title='bbox 980 2647 1037 2679; x_wconf 80' lang='lat' dir='ltr'><strong>ml</strong></span> <span class='ocrx_word' id='word_1_345' title='bbox 1062 2645 1247 2689; x_wconf 78' lang='lat' dir='ltr'><strong>insertum)</strong></span> <span class='ocrx_word' id='word_1_346' title='bbox 1265 2655 1290 2689; x_wconf 77' lang='lat' dir='ltr'><strong><em>g</em></strong></span> <span class='ocrx_word' id='word_1_347' title='bbox 1340 2644 1383 2679; x_wconf 75' lang='lat'><strong>14</strong></span> <span class='ocrx_word' id='word_1_348' title='bbox 1403 2644 1619 2679; x_wconf 78' lang='lat' dir='ltr'><strong>frumentum</strong></span> <span class='ocrx_word' id='word_1_349' title='bbox 1639 2643 1680 2678; x_wconf 90' lang='lat' dir='ltr'><strong><em>B</em></strong></span> 
     </span>
     <span class='ocr_line' id='line_1_39' title="bbox 145 2701 1679 2750; baseline -0.004 -8"><span class='ocrx_word' id='word_1_350' title='bbox 145 2709 262 2742; x_wconf 78' lang='lat' dir='ltr'><strong>totum</strong></span> <span class='ocrx_word' id='word_1_351' title='bbox 295 2706 332 2741; x_wconf 76' lang='grc' dir='ltr'><strong><em>Ψ</em></strong></span> <span class='ocrx_word' id='word_1_352' title='bbox 426 2705 612 2750; x_wconf 88' lang='lat' dir='ltr'><strong>ecclesiae]</strong></span> <span class='ocrx_word' id='word_1_353' title='bbox 642 2704 733 2739; x_wconf 82' lang='lat' dir='ltr'><strong>add.</strong></span> <span class='ocrx_word' id='word_1_354' title='bbox 754 2706 838 2739; x_wconf 86' lang='lat' dir='ltr'><strong>tuae</strong></span> <span class='ocrx_word' id='word_1_355' title='bbox 865 2705 990 2748; x_wconf 80' lang='lat' dir='ltr'><strong>(eras.)</strong></span> <span class='ocrx_word' id='word_1_356' title='bbox 1016 2703 1050 2738; x_wconf 75' lang='lat' dir='ltr'><strong><em>A</em></strong></span> <span class='ocrx_word' id='word_1_357' title='bbox 1125 2704 1169 2739; x_wconf 87' lang='grc'><strong>15</strong></span> <span class='ocrx_word' id='word_1_358' title='bbox 1195 2704 1306 2750; x_wconf 69' lang='lat' dir='ltr'><strong>poss]</strong></span> <span class='ocrx_word' id='word_1_359' title='bbox 1334 2702 1421 2738; x_wconf 84' lang='lat' dir='ltr'><strong>add.</strong></span> <span class='ocrx_word' id='word_1_360' title='bbox 1448 2713 1488 2737; x_wconf 88' lang='lat' dir='ltr'><strong>eo</strong></span> <span class='ocrx_word' id='word_1_361' title='bbox 1513 2701 1615 2747; x_wconf 84' lang='lat' dir='ltr'><strong>(del.)</strong></span> <span class='ocrx_word' id='word_1_362' title='bbox 1639 2702 1679 2736; x_wconf 87' lang='grc' dir='ltr'><strong><em>Β</em></strong></span> 
     </span>
     <span class='ocr_line' id='line_1_40' title="bbox 149 2760 1678 2811; baseline -0.004 -10"><span class='ocrx_word' id='word_1_363' title='bbox 149 2767 191 2801; x_wconf 90' lang='grc'><strong>16</strong></span> <span class='ocrx_word' id='word_1_364' title='bbox 216 2767 385 2811; x_wconf 80' lang='lat' dir='ltr'><strong>potentes</strong></span> <span class='ocrx_word' id='word_1_365' title='bbox 411 2775 479 2800; x_wconf 90' lang='lat' dir='ltr'><strong>om.</strong></span> <span class='ocrx_word' id='word_1_366' title='bbox 505 2764 628 2799; x_wconf 80' lang='lat' dir='ltr'><em>KD&#39;I&#39;</em></span> <span class='ocrx_word' id='word_1_367' title='bbox 766 2762 1089 2798; x_wconf 63' lang='lat' dir='ltr'><strong>Christ—nobiles</strong></span> <span class='ocrx_word' id='word_1_368' title='bbox 1116 2772 1182 2797; x_wconf 89' lang='lat' dir='ltr'><strong>om.</strong></span> <span class='ocrx_word' id='word_1_369' title='bbox 1209 2761 1249 2796; x_wconf 91' lang='lat' dir='ltr'><em>D</em></span> <span class='ocrx_word' id='word_1_370' title='bbox 1358 2762 1400 2796; x_wconf 87' lang='lat'><strong>17</strong></span> <span class='ocrx_word' id='word_1_371' title='bbox 1427 2760 1516 2795; x_wconf 76' lang='lat' dir='ltr'><strong>nob.</strong></span> <span class='ocrx_word' id='word_1_372' title='bbox 1536 2763 1613 2806; x_wconf 90' lang='lat' dir='ltr'><strong>pot.</strong></span> <span class='ocrx_word' id='word_1_373' title='bbox 1638 2761 1678 2795; x_wconf 86' lang='lat' dir='ltr'><em>B</em></span> 
     </span>
     <span class='ocr_line' id='line_1_41' title="bbox 149 2819 1673 2868; baseline -0.004 -8"><span class='ocrx_word' id='word_1_374' title='bbox 149 2825 198 2860; x_wconf 82' lang='lat'><strong>18</strong></span> <span class='ocrx_word' id='word_1_375' title='bbox 217 2835 316 2860; x_wconf 87' lang='lat' dir='ltr'><strong>meus</strong></span> <span class='ocrx_word' id='word_1_376' title='bbox 343 2835 408 2860; x_wconf 87' lang='lat' dir='ltr'><strong>om.</strong></span> <span class='ocrx_word' id='word_1_377' title='bbox 435 2823 475 2858; x_wconf 90' lang='lat' dir='ltr'><em>D</em></span> <span class='ocrx_word' id='word_1_378' title='bbox 570 2822 754 2868; x_wconf 83' lang='lat' dir='ltr'><strong>potentior</strong></span> <span class='ocrx_word' id='word_1_379' title='bbox 779 2832 848 2858; x_wconf 89' lang='lat' dir='ltr'><strong>om.</strong></span> <span class='ocrx_word' id='word_1_380' title='bbox 866 2821 906 2856; x_wconf 93' lang='lat' dir='ltr'><em>D</em></span> <span class='ocrx_word' id='word_1_381' title='bbox 1002 2821 1040 2856; x_wconf 90' lang='lat' dir='ltr'><strong>in</strong></span> <span class='ocrx_word' id='word_1_382' title='bbox 1066 2831 1134 2858; x_wconf 90' lang='lat' dir='ltr'><strong>om.</strong></span> <span class='ocrx_word' id='word_1_383' title='bbox 1157 2820 1192 2856; x_wconf 93' lang='lat' dir='ltr'><strong><em>G</em></strong></span> <span class='ocrx_word' id='word_1_384' title='bbox 1267 2821 1310 2855; x_wconf 89' lang='grc'><strong>19</strong></span> <span class='ocrx_word' id='word_1_385' title='bbox 1336 2821 1371 2855; x_wconf 92' lang='lat' dir='ltr'><strong>in</strong></span> <span class='ocrx_word' id='word_1_386' title='bbox 1397 2819 1520 2866; x_wconf 86' lang='lat' dir='ltr'><strong>primis</strong></span> <span class='ocrx_word' id='word_1_387' title='bbox 1546 2830 1616 2855; x_wconf 85' lang='lat' dir='ltr'><strong>om.</strong></span> <span class='ocrx_word' id='word_1_388' title='bbox 1639 2819 1673 2854; x_wconf 93' lang='lat' dir='ltr'><strong><em>G</em></strong></span> 
     </span>
     <span class='ocr_line' id='line_1_42' title="bbox 146 2877 1607 2930; baseline -0.003 -13"><span class='ocrx_word' id='word_1_389' title='bbox 146 2883 422 2930; x_wconf 67' lang='grc' dir='ltr'>ἀρχιπτρατηγὸς</span> <span class='ocrx_word' id='word_1_390' title='bbox 447 2887 540 2918; x_wconf 80' lang='lat' dir='ltr'><strong>recte</strong></span> <span class='ocrx_word' id='word_1_391' title='bbox 563 2883 738 2927; x_wconf 75' lang='lat' dir='ltr'><strong>scriptum</strong></span> <span class='ocrx_word' id='word_1_392' title='bbox 764 2881 808 2916; x_wconf 82' lang='lat' dir='ltr'><strong>in</strong></span> <span class='ocrx_word' id='word_1_393' title='bbox 833 2880 1050 2926; x_wconf 64' lang='lat' dir='ltr'><strong>Apcan2B,</strong></span> <span class='ocrx_word' id='word_1_394' title='bbox 1077 2883 1138 2916; x_wconf 80' lang='lat' dir='ltr'><strong>eet.</strong></span> <span class='ocrx_word' id='word_1_395' title='bbox 1165 2879 1323 2914; x_wconf 75' lang='lat' dir='ltr'><strong>uariant</strong></span> <span class='ocrx_word' id='word_1_396' title='bbox 1418 2878 1503 2914; x_wconf 84' lang='lat' dir='ltr'><strong>talis</strong></span> <span class='ocrx_word' id='word_1_397' title='bbox 1533 2877 1607 2914; x_wconf 89' lang='lat' dir='ltr'><strong>GD</strong></span> 
     </span>
    </p>
   </div>
  </div>
 </body>
</html>
