<?xml version="1.0" encoding="UTF-8"?>
<!DOCTYPE html PUBLIC "-//W3C//DTD XHTML 1.0 Transitional//EN"
    "http://www.w3.org/TR/xhtml1/DTD/xhtml1-transitional.dtd">
<html xmlns="http://www.w3.org/1999/xhtml" xml:lang="en" lang="en">
 <head>
  <title>
</title>
<meta http-equiv="Content-Type" content="text/html;charset=utf-8" />
  <meta name='ocr-system' content='tesseract 3.04.00' />
  <meta name='ocr-capabilities' content='ocr_page ocr_carea ocr_par ocr_line ocrx_word'/>
</head>
<body>
  <div class='ocr_page' id='page_1' title='image "./corpusscriptorum54stuoft_0415.png"; bbox 0 0 1884 3254; ppageno 0'>
   <div class='ocr_carea' id='block_1_1' title="bbox 668 259 1622 306">
    <p class='ocr_par' dir='ltr' id='par_1_1' title="bbox 668 259 1622 306">
     <span class='ocr_line' id='line_1_1' title="bbox 668 259 1622 306; baseline 0 -10"><span class='ocrx_word' id='word_1_1' title='bbox 668 260 877 306; x_wconf 79' lang='lat' dir='ltr'>Epistula</span> <span class='ocrx_word' id='word_1_2' title='bbox 901 259 950 295; x_wconf 91' lang='lat' dir='ltr'>LI</span> <span class='ocrx_word' id='word_1_3' title='bbox 974 260 1068 296; x_wconf 88' lang='lat'>3-4</span> <span class='ocrx_word' id='word_1_4' title='bbox 1540 264 1622 304; x_wconf 81' lang='lat'>401</span> 
     </span>
    </p>
   </div>
   <div class='ocr_carea' id='block_1_2' title="bbox 95 389 1627 730">
    <p class='ocr_par' dir='ltr' id='par_1_2' title="bbox 95 389 1627 730">
     <span class='ocr_line' id='line_1_2' title="bbox 95 389 1627 445; baseline -0.002 -11"><span class='ocrx_word' id='word_1_5' title='bbox 95 392 211 434; x_wconf 88' lang='lat' dir='ltr'>ribus</span> <span class='ocrx_word' id='word_1_6' title='bbox 244 392 455 442; x_wconf 76' lang='lat' dir='ltr'>exornant,</span> <span class='ocrx_word' id='word_1_7' title='bbox 482 393 531 432; x_wconf 89' lang='lat' dir='ltr'>ut</span> <span class='ocrx_word' id='word_1_8' title='bbox 562 390 734 432; x_wconf 86' lang='lat' dir='ltr'>audiant</span> <span class='ocrx_word' id='word_1_9' title='bbox 760 389 956 445; x_wconf 86' lang='lat' dir='ltr'>Origenis</span> <span class='ocrx_word' id='word_1_10' title='bbox 981 389 1213 432; x_wconf 89' lang='lat' dir='ltr'>doctrinam</span> <span class='ocrx_word' id='word_1_11' title='bbox 1242 391 1368 444; x_wconf 90' lang='lat' dir='ltr'>atque</span> <span class='ocrx_word' id='word_1_12' title='bbox 1401 389 1627 432; x_wconf 89' lang='lat' dir='ltr'>consilium</span> 
     </span>
     <span class='ocr_line' id='line_1_3' title="bbox 96 460 1627 516; baseline -0.002 -11"><span class='ocrx_word' id='word_1_13' title='bbox 96 464 140 505; x_wconf 91' lang='lat' dir='ltr'>et</span> <span class='ocrx_word' id='word_1_14' title='bbox 182 461 352 506; x_wconf 88' lang='lat' dir='ltr'>credant</span> <span class='ocrx_word' id='word_1_15' title='bbox 394 460 628 516; x_wconf 86' lang='lat' dir='ltr'>praeclarae</span> <span class='ocrx_word' id='word_1_16' title='bbox 673 460 790 502; x_wconf 88' lang='lat' dir='ltr'>illius</span> <span class='ocrx_word' id='word_1_17' title='bbox 834 460 1156 515; x_wconf 86' lang='lat' dir='ltr'>praedicationi:</span> <span class='ocrx_word' id='word_1_18' title='bbox 1196 461 1290 503; x_wconf 88' lang='lat' dir='ltr'>‘non</span> <span class='ocrx_word' id='word_1_19' title='bbox 1329 462 1472 516; x_wconf 86' lang='lat' dir='ltr'>potest</span> <span class='ocrx_word' id='word_1_20' title='bbox 1513 460 1627 503; x_wconf 90' lang='lat' dir='ltr'>filius</span> 
     </span>
     <span class='ocr_line' id='line_1_4' title="bbox 95 531 1626 587; baseline -0.001 -12"><span class='ocrx_word' id='word_1_21' title='bbox 95 533 239 575; x_wconf 89' lang='lat' dir='ltr'>uidere</span> <span class='ocrx_word' id='word_1_22' title='bbox 271 534 431 587; x_wconf 83' lang='lat' dir='ltr'>patrem</span> <span class='ocrx_word' id='word_1_23' title='bbox 464 544 599 586; x_wconf 88' lang='lat' dir='ltr'>neque</span> <span class='ocrx_word' id='word_1_24' title='bbox 633 531 808 584; x_wconf 88' lang='lat' dir='ltr'>spiritus</span> <span class='ocrx_word' id='word_1_25' title='bbox 849 533 1020 574; x_wconf 88' lang='lat' dir='ltr'>sanctus</span> <span class='ocrx_word' id='word_1_26' title='bbox 1058 531 1203 574; x_wconf 90' lang='lat' dir='ltr'>uidere</span> <span class='ocrx_word' id='word_1_27' title='bbox 1234 531 1414 574; x_wconf 71' lang='lat' dir='ltr'>filium‘?</span> <span class='ocrx_word' id='word_1_28' title='bbox 1444 531 1548 574; x_wconf 86' lang='lat' dir='ltr'>haec</span> <span class='ocrx_word' id='word_1_29' title='bbox 1584 531 1626 573; x_wconf 91' lang='lat' dir='ltr'>in</span> 
     </span>
     <span class='ocr_line' id='line_1_5' title="bbox 95 601 1626 659; baseline 0.001 -16"><span class='ocrx_word' id='word_1_30' title='bbox 95 603 214 645; x_wconf 87' lang='lat' dir='ltr'>libris</span> <span class='ocrx_word' id='word_1_31' title='bbox 239 606 327 659; x_wconf 79' lang='grc' dir='ltr'>περὶ</span> <span class='ocrx_word' id='word_1_32' title='bbox 352 601 490 659; x_wconf 82' lang='grc' dir='ltr'>ἀρχῶν</span> <span class='ocrx_word' id='word_1_33' title='bbox 517 603 773 653; x_wconf 85' lang='lat' dir='ltr'>scribuntur,</span> <span class='ocrx_word' id='word_1_34' title='bbox 805 602 871 645; x_wconf 91' lang='lat' dir='ltr'>his</span> <span class='ocrx_word' id='word_1_35' title='bbox 902 603 1045 645; x_wconf 90' lang='lat' dir='ltr'>uerbis</span> <span class='ocrx_word' id='word_1_36' title='bbox 1076 602 1260 658; x_wconf 89' lang='lat' dir='ltr'>legimus</span> <span class='ocrx_word' id='word_1_37' title='bbox 1293 605 1335 645; x_wconf 91' lang='lat' dir='ltr'>et</span> <span class='ocrx_word' id='word_1_38' title='bbox 1365 603 1426 645; x_wconf 87' lang='lat' dir='ltr'>ita</span> <span class='ocrx_word' id='word_1_39' title='bbox 1455 603 1626 646; x_wconf 88' lang='lat' dir='ltr'>locutus</span> 
     </span>
     <span class='ocr_line' id='line_1_6' title="bbox 99 673 1626 730; baseline -0.001 -13"><span class='ocrx_word' id='word_1_40' title='bbox 99 676 164 717; x_wconf 86' lang='lat' dir='ltr'>est</span> <span class='ocrx_word' id='word_1_41' title='bbox 195 673 422 729; x_wconf 85' lang='lat' dir='ltr'>Origenes:</span> <span class='ocrx_word' id='word_1_42' title='bbox 456 674 591 716; x_wconf 84' lang='lat' dir='ltr'>sicut</span> <span class='ocrx_word' id='word_1_43' title='bbox 630 673 758 715; x_wconf 87' lang='lat' dir='ltr'>enim</span> <span class='ocrx_word' id='word_1_44' title='bbox 795 673 1123 730; x_wconf 89' lang='lat' dir='ltr'>incongruum</span> <span class='ocrx_word' id='word_1_45' title='bbox 1163 676 1241 717; x_wconf 88' lang='lat' dir='ltr'>est</span> <span class='ocrx_word' id='word_1_46' title='bbox 1279 674 1458 725; x_wconf 84' lang='lat' dir='ltr'>dicere,</span> <span class='ocrx_word' id='word_1_47' title='bbox 1498 673 1626 728; x_wconf 88' lang='lat' dir='ltr'>quod</span> 
     </span>
    </p>
   </div>
   <div class='ocr_carea' id='block_1_3' title="bbox 18 745 1624 800">
    <p class='ocr_par' dir='ltr' id='par_1_3' title="bbox 18 745 1624 800">
     <span class='ocr_line' id='line_1_7' title="bbox 18 745 1624 800; baseline 0.002 -16"><span class='ocrx_word' id='word_1_48' title='bbox 18 782 23 784; x_wconf 71' lang='grc'>,</span> <span class='ocrx_word' id='word_1_49' title='bbox 95 745 260 799; x_wconf 77' lang='lat' dir='ltr'><strong>possit</strong></span> <span class='ocrx_word' id='word_1_50' title='bbox 290 745 438 787; x_wconf 88' lang='lat' dir='ltr'>filius</span> <span class='ocrx_word' id='word_1_51' title='bbox 471 745 644 787; x_wconf 89' lang='lat' dir='ltr'>uidere</span> <span class='ocrx_word' id='word_1_52' title='bbox 676 746 882 800; x_wconf 87' lang='lat' dir='ltr'>patrem,</span> <span class='ocrx_word' id='word_1_53' title='bbox 916 745 989 787; x_wconf 90' lang='lat' dir='ltr'>sic</span> <span class='ocrx_word' id='word_1_54' title='bbox 1021 745 1390 800; x_wconf 84' lang='lat' dir='ltr'>inconsequens</span> <span class='ocrx_word' id='word_1_55' title='bbox 1424 747 1502 788; x_wconf 88' lang='lat' dir='ltr'>est</span> <span class='ocrx_word' id='word_1_56' title='bbox 1527 745 1624 799; x_wconf 90' lang='lat' dir='ltr'>opi-</span> 
     </span>
    </p>
   </div>
   <div class='ocr_carea' id='block_1_4' title="bbox 47 815 1626 879">
    <p class='ocr_par' dir='ltr' id='par_1_4' title="bbox 47 815 1626 879">
     <span class='ocr_line' id='line_1_8' title="bbox 47 815 1626 879; baseline 0 -21"><span class='ocrx_word' id='word_1_57' title='bbox 47 876 50 879; x_wconf 14' lang='lat'><em>*</em></span> <span class='ocrx_word' id='word_1_58' title='bbox 95 817 214 867; x_wconf 88' lang='lat' dir='ltr'>nari,</span> <span class='ocrx_word' id='word_1_59' title='bbox 249 815 380 870; x_wconf 89' lang='lat' dir='ltr'>quod</span> <span class='ocrx_word' id='word_1_60' title='bbox 413 816 631 870; x_wconf 90' lang='lat' dir='ltr'>spiritus</span> <span class='ocrx_word' id='word_1_61' title='bbox 666 819 873 859; x_wconf 88' lang='lat' dir='ltr'>sanctus</span> <span class='ocrx_word' id='word_1_62' title='bbox 906 817 1072 870; x_wconf 87' lang='lat' dir='ltr'>possit</span> <span class='ocrx_word' id='word_1_63' title='bbox 1104 816 1278 859; x_wconf 87' lang='lat' dir='ltr'>uidere</span> <span class='ocrx_word' id='word_1_64' title='bbox 1310 817 1493 859; x_wconf 85' lang='lat' dir='ltr'>silium.</span> <span class='ocrx_word' id='word_1_65' title='bbox 1517 816 1626 859; x_wconf 90' lang='lat' dir='ltr'>illud</span> 
     </span>
    </p>
   </div>
   <div class='ocr_carea' id='block_1_5' title="bbox 34 1042 68 1071">
    <p class='ocr_par' dir='ltr' id='par_1_5' title="bbox 34 1042 68 1071">
     <span class='ocr_line' id='line_1_9' title="bbox 34 1042 68 1071; baseline 0.029 -1"><span class='ocrx_word' id='word_1_66' title='bbox 34 1042 68 1071; x_wconf 88' lang='lat'>10</span> 
     </span>
    </p>
   </div>
   <div class='ocr_carea' id='block_1_6' title="bbox 93 886 1627 1083">
    <p class='ocr_par' dir='ltr' id='par_1_6' title="bbox 93 886 1627 1083">
     <span class='ocr_line' id='line_1_10' title="bbox 94 886 1627 943; baseline -0.001 -13"><span class='ocrx_word' id='word_1_67' title='bbox 94 900 260 941; x_wconf 85' lang='lat' dir='ltr'>quoque</span> <span class='ocrx_word' id='word_1_68' title='bbox 314 887 407 941; x_wconf 88' lang='lat' dir='ltr'>quis</span> <span class='ocrx_word' id='word_1_69' title='bbox 454 886 632 943; x_wconf 87' lang='lat' dir='ltr'>Origene</span> <span class='ocrx_word' id='word_1_70' title='bbox 676 887 842 929; x_wconf 81' lang='lat' dir='ltr'>dicente</span> <span class='ocrx_word' id='word_1_71' title='bbox 884 887 1081 941; x_wconf 84' lang='lat' dir='ltr'>patiatur,</span> <span class='ocrx_word' id='word_1_72' title='bbox 1126 887 1239 942; x_wconf 86' lang='lat' dir='ltr'>quod</span> <span class='ocrx_word' id='word_1_73' title='bbox 1282 888 1444 930; x_wconf 89' lang='lat' dir='ltr'>animae</span> <span class='ocrx_word' id='word_1_74' title='bbox 1487 887 1627 942; x_wconf 87' lang='lat' dir='ltr'>angeli</span> 
     </span>
     <span class='ocr_line' id='line_1_11' title="bbox 93 957 1626 1014; baseline 0.001 -15"><span class='ocrx_word' id='word_1_75' title='bbox 93 958 249 1000; x_wconf 77' lang='lat' dir='ltr'>fuerint</span> <span class='ocrx_word' id='word_1_76' title='bbox 279 958 322 999; x_wconf 91' lang='lat' dir='ltr'>in</span> <span class='ocrx_word' id='word_1_77' title='bbox 348 957 477 1000; x_wconf 89' lang='lat' dir='ltr'>caelis</span> <span class='ocrx_word' id='word_1_78' title='bbox 506 962 561 1008; x_wconf 83' lang='lat' dir='ltr'>et,</span> <span class='ocrx_word' id='word_1_79' title='bbox 588 960 815 1013; x_wconf 80' lang='lat' dir='ltr'><strong>postquam</strong></span> <span class='ocrx_word' id='word_1_80' title='bbox 844 958 1115 1012; x_wconf 89' lang='lat' dir='ltr'>peccauerint</span> <span class='ocrx_word' id='word_1_81' title='bbox 1137 958 1180 1001; x_wconf 91' lang='lat' dir='ltr'>in</span> <span class='ocrx_word' id='word_1_82' title='bbox 1207 959 1415 1014; x_wconf 83' lang='lat' dir='ltr'>supernis,</span> <span class='ocrx_word' id='word_1_83' title='bbox 1442 958 1626 1001; x_wconf 86' lang='lat' dir='ltr'>deiectas</span> 
     </span>
     <span class='ocr_line' id='line_1_12' title="bbox 95 1028 1627 1083; baseline 0.001 -13"><span class='ocrx_word' id='word_1_84' title='bbox 95 1041 188 1070; x_wconf 84' lang='lat' dir='ltr'>esse</span> <span class='ocrx_word' id='word_1_85' title='bbox 219 1029 261 1070; x_wconf 90' lang='lat' dir='ltr'>in</span> <span class='ocrx_word' id='word_1_86' title='bbox 292 1029 425 1071; x_wconf 92' lang='lat' dir='ltr'>istum</span> <span class='ocrx_word' id='word_1_87' title='bbox 457 1028 663 1070; x_wconf 90' lang='lat' dir='ltr'>mundum</span> <span class='ocrx_word' id='word_1_88' title='bbox 697 1031 740 1071; x_wconf 88' lang='lat' dir='ltr'>et</span> <span class='ocrx_word' id='word_1_89' title='bbox 771 1029 892 1082; x_wconf 82' lang='lat' dir='ltr'>quasi</span> <span class='ocrx_word' id='word_1_90' title='bbox 923 1029 966 1071; x_wconf 90' lang='lat' dir='ltr'>in</span> <span class='ocrx_word' id='word_1_91' title='bbox 998 1029 1187 1072; x_wconf 88' lang='lat' dir='ltr'>tumulos</span> <span class='ocrx_word' id='word_1_92' title='bbox 1220 1031 1262 1072; x_wconf 91' lang='lat' dir='ltr'>et</span> <span class='ocrx_word' id='word_1_93' title='bbox 1299 1029 1525 1083; x_wconf 89' lang='lat' dir='ltr'>sepulchra</span> <span class='ocrx_word' id='word_1_94' title='bbox 1565 1029 1627 1072; x_wconf 92' lang='lat' dir='ltr'>sic</span> 
     </span>
    </p>
   </div>
   <div class='ocr_carea' id='block_1_7' title="bbox 27 1099 1624 1154">
    <p class='ocr_par' dir='ltr' id='par_1_7' title="bbox 27 1099 1624 1154">
     <span class='ocr_line' id='line_1_13' title="bbox 27 1099 1624 1154; baseline 0.001 -14"><span class='ocrx_word' id='word_1_95' title='bbox 27 1130 31 1135; x_wconf 92' lang='lat'>.</span> <span class='ocrx_word' id='word_1_96' title='bbox 93 1099 138 1140; x_wconf 83' lang='lat' dir='ltr'>in</span> <span class='ocrx_word' id='word_1_97' title='bbox 168 1111 340 1154; x_wconf 89' lang='lat' dir='ltr'>corpora</span> <span class='ocrx_word' id='word_1_98' title='bbox 369 1099 454 1142; x_wconf 83' lang='lat' dir='ltr'>ista</span> <span class='ocrx_word' id='word_1_99' title='bbox 479 1099 689 1154; x_wconf 82' lang='lat' dir='ltr'>relegatas</span> <span class='ocrx_word' id='word_1_100' title='bbox 721 1113 878 1154; x_wconf 89' lang='lat' dir='ltr'>poenas</span> <span class='ocrx_word' id='word_1_101' title='bbox 905 1100 1176 1154; x_wconf 83' lang='lat' dir='ltr'>antiquorum</span> <span class='ocrx_word' id='word_1_102' title='bbox 1207 1101 1325 1143; x_wconf 91' lang='lat' dir='ltr'>luere</span> <span class='ocrx_word' id='word_1_103' title='bbox 1355 1103 1624 1154; x_wconf 86' lang='lat' dir='ltr'>peccatorum</span> 
     </span>
    </p>
   </div>
   <div class='ocr_carea' id='block_1_8' title="bbox 63 1169 1623 1226">
    <p class='ocr_par' dir='ltr' id='par_1_8' title="bbox 63 1169 1623 1226">
     <span class='ocr_line' id='line_1_14' title="bbox 63 1169 1623 1226; baseline 0.001 -15"><span class='ocrx_word' id='word_1_104' title='bbox 63 1181 66 1184; x_wconf 69' lang='grc'>’</span> <span class='ocrx_word' id='word_1_105' title='bbox 94 1171 137 1211; x_wconf 87' lang='lat' dir='ltr'>et</span> <span class='ocrx_word' id='word_1_106' title='bbox 168 1182 342 1224; x_wconf 89' lang='lat' dir='ltr'>corpora</span> <span class='ocrx_word' id='word_1_107' title='bbox 374 1169 636 1212; x_wconf 89' lang='lat' dir='ltr'>credentium</span> <span class='ocrx_word' id='word_1_108' title='bbox 668 1183 749 1212; x_wconf 90' lang='lat' dir='ltr'>non</span> <span class='ocrx_word' id='word_1_109' title='bbox 788 1171 948 1226; x_wconf 85' lang='lat' dir='ltr'>templa</span> <span class='ocrx_word' id='word_1_110' title='bbox 979 1171 1139 1214; x_wconf 84' lang='lat' dir='ltr'>Christi</span> <span class='ocrx_word' id='word_1_111' title='bbox 1177 1184 1285 1223; x_wconf 85' lang='lat' dir='ltr'>esse,</span> <span class='ocrx_word' id='word_1_112' title='bbox 1325 1171 1400 1214; x_wconf 87' lang='lat' dir='ltr'>sed</span> <span class='ocrx_word' id='word_1_113' title='bbox 1439 1184 1623 1214; x_wconf 83' lang='lat' dir='ltr'>carceres</span> 
     </span>
    </p>
   </div>
   <div class='ocr_carea' id='block_1_9' title="bbox 33 1397 68 1424">
    <p class='ocr_par' dir='ltr' id='par_1_9' title="bbox 33 1397 68 1424">
     <span class='ocr_line' id='line_1_15' title="bbox 33 1397 68 1424; baseline 0 0"><span class='ocrx_word' id='word_1_114' title='bbox 33 1397 68 1424; x_wconf 80' lang='lat'>15</span> 
     </span>
    </p>
   </div>
   <div class='ocr_carea' id='block_1_10' title="bbox 31 1753 69 1781">
    <p class='ocr_par' dir='ltr' id='par_1_10' title="bbox 31 1753 69 1781">
     <span class='ocr_line' id='line_1_16' title="bbox 31 1753 69 1781; baseline -0.105 0"><span class='ocrx_word' id='word_1_115' title='bbox 31 1753 69 1781; x_wconf 69' lang='grc'>20</span> 
     </span>
    </p>
   </div>
   <div class='ocr_carea' id='block_1_11' title="bbox 91 1241 1626 1652">
    <p class='ocr_par' dir='ltr' id='par_1_11' title="bbox 91 1241 1626 1652">
     <span class='ocr_line' id='line_1_17' title="bbox 93 1241 1624 1298; baseline 0.001 -16"><span class='ocrx_word' id='word_1_116' title='bbox 93 1241 413 1283; x_wconf 78' lang='lat' dir='ltr'>damnatorum?</span> <span class='ocrx_word' id='word_1_117' title='bbox 459 1241 550 1283; x_wconf 84' lang='lat' dir='ltr'>exin</span> <span class='ocrx_word' id='word_1_118' title='bbox 599 1241 825 1283; x_wconf 87' lang='lat' dir='ltr'>ueritatem</span> <span class='ocrx_word' id='word_1_119' title='bbox 874 1242 1077 1285; x_wconf 80' lang='lat' dir='ltr'>historiae</span> <span class='ocrx_word' id='word_1_120' title='bbox 1121 1242 1347 1298; x_wconf 85' lang='lat' dir='ltr'>allegoriae</span> <span class='ocrx_word' id='word_1_121' title='bbox 1391 1242 1624 1297; x_wconf 88' lang='lat' dir='ltr'>deprauans</span> 
     </span>
     <span class='ocr_line' id='line_1_18' title="bbox 91 1311 1626 1367; baseline 0.001 -14"><span class='ocrx_word' id='word_1_122' title='bbox 91 1311 309 1354; x_wconf 86' lang='lat' dir='ltr'>mendacio</span> <span class='ocrx_word' id='word_1_123' title='bbox 336 1311 501 1354; x_wconf 87' lang='lat' dir='ltr'>infinita</span> <span class='ocrx_word' id='word_1_124' title='bbox 525 1311 655 1354; x_wconf 90' lang='lat' dir='ltr'>uerba</span> <span class='ocrx_word' id='word_1_125' title='bbox 679 1312 938 1366; x_wconf 87' lang='lat' dir='ltr'>multiplicat</span> <span class='ocrx_word' id='word_1_126' title='bbox 969 1315 1013 1354; x_wconf 87' lang='lat' dir='ltr'>et</span> <span class='ocrx_word' id='word_1_127' title='bbox 1045 1313 1259 1367; x_wconf 87' lang='lat' dir='ltr'>simplices</span> <span class='ocrx_word' id='word_1_128' title='bbox 1293 1326 1483 1367; x_wconf 88' lang='lat' dir='ltr'>quosque</span> <span class='ocrx_word' id='word_1_129' title='bbox 1508 1313 1626 1356; x_wconf 86' lang='lat' dir='ltr'>uaria</span> 
     </span>
     <span class='ocr_line' id='line_1_19' title="bbox 93 1382 1624 1436; baseline 0.001 -11"><span class='ocrx_word' id='word_1_130' title='bbox 93 1382 363 1436; x_wconf 87' lang='lat' dir='ltr'>persuasione</span> <span class='ocrx_word' id='word_1_131' title='bbox 402 1383 678 1436; x_wconf 84' lang='lat' dir='ltr'>subplantans</span> <span class='ocrx_word' id='word_1_132' title='bbox 716 1396 827 1426; x_wconf 87' lang='lat' dir='ltr'>nunc</span> <span class='ocrx_word' id='word_1_133' title='bbox 866 1384 1024 1426; x_wconf 79' lang='lat' dir='ltr'>adserit</span> <span class='ocrx_word' id='word_1_134' title='bbox 1061 1384 1220 1427; x_wconf 85' lang='lat' dir='ltr'>animas</span> <span class='ocrx_word' id='word_1_135' title='bbox 1263 1385 1380 1426; x_wconf 86' lang='lat' dir='ltr'>iuxta</span> <span class='ocrx_word' id='word_1_136' title='bbox 1421 1384 1624 1427; x_wconf 84' lang='lat' dir='ltr'>Graecam</span> 
     </span>
     <span class='ocr_line' id='line_1_20' title="bbox 95 1451 1625 1509; baseline 0.003 -16"><span class='ocrx_word' id='word_1_137' title='bbox 95 1451 351 1509; x_wconf 75' lang='grc' dir='ltr'><strong>ἐτυμολογὶαν</strong></span> <span class='ocrx_word' id='word_1_138' title='bbox 388 1453 545 1496; x_wconf 89' lang='lat' dir='ltr'>idcirco</span> <span class='ocrx_word' id='word_1_139' title='bbox 585 1456 774 1505; x_wconf 86' lang='lat' dir='ltr'>uocatas,</span> <span class='ocrx_word' id='word_1_140' title='bbox 815 1454 915 1508; x_wconf 88' lang='lat' dir='ltr'>quia</span> <span class='ocrx_word' id='word_1_141' title='bbox 953 1455 1003 1497; x_wconf 90' lang='lat' dir='ltr'>de</span> <span class='ocrx_word' id='word_1_142' title='bbox 1040 1455 1297 1498; x_wconf 88' lang='lat' dir='ltr'>caelestibus</span> <span class='ocrx_word' id='word_1_143' title='bbox 1334 1455 1386 1498; x_wconf 88' lang='lat' dir='ltr'>ad</span> <span class='ocrx_word' id='word_1_144' title='bbox 1430 1455 1625 1498; x_wconf 87' lang='lat' dir='ltr'>inferiora</span> 
     </span>
     <span class='ocr_line' id='line_1_21' title="bbox 96 1524 1625 1582; baseline 0.003 -17"><span class='ocrx_word' id='word_1_145' title='bbox 96 1525 311 1566; x_wconf 90' lang='lat' dir='ltr'>uenientes</span> <span class='ocrx_word' id='word_1_146' title='bbox 345 1525 526 1567; x_wconf 90' lang='lat' dir='ltr'>calorem</span> <span class='ocrx_word' id='word_1_147' title='bbox 552 1524 778 1579; x_wconf 89' lang='lat' dir='ltr'>pristinum</span> <span class='ocrx_word' id='word_1_148' title='bbox 805 1526 1039 1577; x_wconf 81' lang='lat' dir='ltr'>amiserint,</span> <span class='ocrx_word' id='word_1_149' title='bbox 1071 1539 1181 1568; x_wconf 90' lang='lat' dir='ltr'>nunc</span> <span class='ocrx_word' id='word_1_150' title='bbox 1207 1539 1360 1582; x_wconf 90' lang='lat' dir='ltr'>corpus</span> <span class='ocrx_word' id='word_1_151' title='bbox 1391 1527 1471 1570; x_wconf 92' lang='lat' dir='ltr'>hoc</span> <span class='ocrx_word' id='word_1_152' title='bbox 1504 1527 1556 1570; x_wconf 93' lang='lat' dir='ltr'>ob</span> <span class='ocrx_word' id='word_1_153' title='bbox 1581 1527 1625 1569; x_wconf 92' lang='lat' dir='ltr'>id</span> 
     </span>
     <span class='ocr_line' id='line_1_22' title="bbox 95 1593 1625 1652; baseline 0.003 -17"><span class='ocrx_word' id='word_1_154' title='bbox 95 1595 208 1637; x_wconf 85' lang='lat' dir='ltr'>iuxta</span> <span class='ocrx_word' id='word_1_155' title='bbox 247 1593 429 1637; x_wconf 87' lang='lat' dir='ltr'>Graecos</span> <span class='ocrx_word' id='word_1_156' title='bbox 462 1595 603 1651; x_wconf 77' lang='grc' dir='ltr'>δέμας,</span> <span class='ocrx_word' id='word_1_157' title='bbox 635 1595 678 1637; x_wconf 90' lang='lat' dir='ltr'>id</span> <span class='ocrx_word' id='word_1_158' title='bbox 710 1598 776 1638; x_wconf 87' lang='lat' dir='ltr'>est</span> <span class='ocrx_word' id='word_1_159' title='bbox 807 1596 1070 1649; x_wconf 85' lang='lat' dir='ltr'>‘uinculum’‚</span> <span class='ocrx_word' id='word_1_160' title='bbox 1104 1597 1195 1639; x_wconf 89' lang='lat' dir='ltr'>siue</span> <span class='ocrx_word' id='word_1_161' title='bbox 1226 1597 1343 1639; x_wconf 87' lang='lat' dir='ltr'>iuxta</span> <span class='ocrx_word' id='word_1_162' title='bbox 1375 1598 1500 1639; x_wconf 89' lang='lat' dir='ltr'>aliam</span> <span class='ocrx_word' id='word_1_163' title='bbox 1533 1610 1625 1652; x_wconf 90' lang='lat' dir='ltr'>pro—</span> 
     </span>
    </p>
   </div>
   <div class='ocr_carea' id='block_1_12' title="bbox 1665 534 1686 568">
    <p class='ocr_par' dir='ltr' id='par_1_12' title="bbox 1665 534 1686 568">
     <span class='ocr_line' id='line_1_23' title="bbox 1665 534 1686 568; baseline 0 0"><span class='ocrx_word' id='word_1_164' title='bbox 1665 534 1686 568; x_wconf 99' lang='grc'>2</span> 
     </span>
    </p>
   </div>
   <div class='ocr_carea' id='block_1_13' title="bbox 1662 1238 1685 1272">
    <p class='ocr_par' dir='ltr' id='par_1_13' title="bbox 1662 1238 1685 1272">
     <span class='ocr_line' id='line_1_24' title="bbox 1662 1238 1685 1272; baseline 0 0"><span class='ocrx_word' id='word_1_165' title='bbox 1662 1238 1685 1272; x_wconf 87' lang='grc'><strong>4</strong></span> 
     </span>
    </p>
   </div>
   <div class='ocr_carea' id='block_1_14' title="bbox 95 1665 1670 1722">
    <p class='ocr_par' dir='ltr' id='par_1_14' title="bbox 95 1665 1670 1722">
     <span class='ocr_line' id='line_1_25' title="bbox 95 1665 1670 1722; baseline 0.003 -15"><span class='ocrx_word' id='word_1_166' title='bbox 95 1665 316 1719; x_wconf 83' lang='lat' dir='ltr'>prietatem</span> <span class='ocrx_word' id='word_1_167' title='bbox 349 1665 556 1708; x_wconf 88' lang='lat' dir='ltr'>‘cadauer’</span> <span class='ocrx_word' id='word_1_168' title='bbox 587 1666 685 1718; x_wconf 90' lang='lat' dir='ltr'>dici,</span> <span class='ocrx_word' id='word_1_169' title='bbox 719 1667 818 1720; x_wconf 86' lang='lat' dir='ltr'>quia</span> <span class='ocrx_word' id='word_1_170' title='bbox 844 1667 1008 1710; x_wconf 88' lang='lat' dir='ltr'>animae</span> <span class='ocrx_word' id='word_1_171' title='bbox 1041 1667 1092 1710; x_wconf 90' lang='lat' dir='ltr'>de</span> <span class='ocrx_word' id='word_1_172' title='bbox 1124 1668 1240 1710; x_wconf 86' lang='lat' dir='ltr'>caelo</span> <span class='ocrx_word' id='word_1_173' title='bbox 1272 1668 1451 1718; x_wconf 82' lang='lat' dir='ltr'>ruerint3</span> <span class='ocrx_word' id='word_1_174' title='bbox 1485 1681 1510 1710; x_wconf 89' lang='lat' dir='ltr'>a</span> <span class='ocrx_word' id='word_1_175' title='bbox 1539 1669 1625 1722; x_wconf 88' lang='lat' dir='ltr'>ple·</span> <span class='ocrx_word' id='word_1_176' title='bbox 1667 1693 1670 1696; x_wconf 61' lang='lat'><em>&gt;</em></span> 
     </span>
    </p>
   </div>
   <div class='ocr_carea' id='block_1_15' title="bbox 94 1736 1623 1794">
    <p class='ocr_par' dir='ltr' id='par_1_15' title="bbox 94 1736 1623 1794">
     <span class='ocr_line' id='line_1_26' title="bbox 94 1736 1623 1794; baseline 0.003 -16"><span class='ocrx_word' id='word_1_177' title='bbox 94 1736 235 1790; x_wconf 89' lang='lat' dir='ltr'>risque</span> <span class='ocrx_word' id='word_1_178' title='bbox 266 1739 409 1779; x_wconf 89' lang='lat' dir='ltr'>autem</span> <span class='ocrx_word' id='word_1_179' title='bbox 442 1737 678 1779; x_wconf 87' lang='lat' dir='ltr'>secundum</span> <span class='ocrx_word' id='word_1_180' title='bbox 709 1738 870 1780; x_wconf 85' lang='lat' dir='ltr'>uariam</span> <span class='ocrx_word' id='word_1_181' title='bbox 899 1737 1050 1781; x_wconf 85' lang='lat' dir='ltr'>Graeci</span> <span class='ocrx_word' id='word_1_182' title='bbox 1082 1739 1288 1782; x_wconf 88' lang='lat' dir='ltr'>sermonis</span> <span class='ocrx_word' id='word_1_183' title='bbox 1315 1739 1623 1794; x_wconf 85' lang='lat' dir='ltr'>supellectilem</span> 
     </span>
    </p>
   </div>
   <div class='ocr_carea' id='block_1_16' title="bbox 24 1808 1625 1865">
    <p class='ocr_par' dir='ltr' id='par_1_16' title="bbox 24 1808 1625 1865">
     <span class='ocr_line' id='line_1_27' title="bbox 24 1808 1625 1865; baseline 0.002 -16"><span class='ocrx_word' id='word_1_184' title='bbox 24 1811 26 1814; x_wconf 82' lang='grc'>’</span> <span class='ocrx_word' id='word_1_185' title='bbox 94 1820 245 1862; x_wconf 84' lang='lat' dir='ltr'>corpus</span> <span class='ocrx_word' id='word_1_186' title='bbox 278 1813 404 1863; x_wconf 78' lang='grc' dir='ltr'>σῆμα,</span> <span class='ocrx_word' id='word_1_187' title='bbox 431 1808 509 1850; x_wconf 90' lang='lat' dir='ltr'>hoc</span> <span class='ocrx_word' id='word_1_188' title='bbox 537 1810 604 1851; x_wconf 90' lang='lat' dir='ltr'>est</span> <span class='ocrx_word' id='word_1_189' title='bbox 632 1809 909 1851; x_wconf 84' lang='lat' dir='ltr'>‘memoriam&#39;</span> <span class='ocrx_word' id='word_1_190' title='bbox 933 1809 1212 1864; x_wconf 87' lang='lat' dir='ltr'>interpretari,</span> <span class='ocrx_word' id='word_1_191' title='bbox 1240 1823 1287 1852; x_wconf 92' lang='lat' dir='ltr'>eo</span> <span class='ocrx_word' id='word_1_192' title='bbox 1316 1810 1428 1865; x_wconf 93' lang='lat' dir='ltr'>quod</span> <span class='ocrx_word' id='word_1_193' title='bbox 1453 1810 1514 1852; x_wconf 87' lang='lat' dir='ltr'>ita</span> <span class='ocrx_word' id='word_1_194' title='bbox 1539 1810 1625 1852; x_wconf 86' lang='lat' dir='ltr'>ani-</span> 
     </span>
    </p>
   </div>
   <div class='ocr_carea' id='block_1_17' title="bbox 210 1945 1622 1995">
    <p class='ocr_par' dir='ltr' id='par_1_17' title="bbox 210 1945 1622 1995">
     <span class='ocr_line' id='line_1_28' title="bbox 210 1945 1622 1995; baseline 0.001 -13"><span class='ocrx_word' id='word_1_195' title='bbox 210 1947 232 1981; x_wconf 89' lang='lat'><strong>5</strong></span> <span class='ocrx_word' id='word_1_196' title='bbox 260 1945 435 1992; x_wconf 86' lang='lat' dir='ltr'>Origenes</span> <span class='ocrx_word' id='word_1_197' title='bbox 460 1948 536 1994; x_wconf 71' lang='grc' dir='ltr'>περὶ</span> <span class='ocrx_word' id='word_1_198' title='bbox 562 1946 680 1993; x_wconf 82' lang='grc' dir='ltr'>ἀρχῶν</span> <span class='ocrx_word' id='word_1_199' title='bbox 699 1947 718 1982; x_wconf 95' lang='grc' dir='ltr'>Ι</span> <span class='ocrx_word' id='word_1_200' title='bbox 737 1947 864 1993; x_wconf 85' lang='lat' dir='ltr'>fragm.</span> <span class='ocrx_word' id='word_1_201' title='bbox 886 1950 978 1993; x_wconf 77' lang='lat' dir='ltr'>(non</span> <span class='ocrx_word' id='word_1_202' title='bbox 1003 1952 1124 1984; x_wconf 74' lang='lat' dir='ltr'>eoestat</span> <span class='ocrx_word' id='word_1_203' title='bbox 1148 1950 1190 1984; x_wconf 76' lang='lat' dir='ltr'>in</span> <span class='ocrx_word' id='word_1_204' title='bbox 1207 1948 1342 1995; x_wconf 80' lang='lat' dir='ltr'>Rufini</span> <span class='ocrx_word' id='word_1_205' title='bbox 1366 1950 1622 1985; x_wconf 77' lang='lat' dir='ltr'>translatione.</span> 
     </span>
    </p>
   </div>
   <div class='ocr_carea' id='block_1_18' title="bbox 15 1988 1623 2055">
    <p class='ocr_par' dir='ltr' id='par_1_18' title="bbox 15 1988 1623 2055">
     <span class='ocr_line' id='line_1_29' title="bbox 15 1988 1623 2055; baseline 0.002 -15"><span class='ocrx_word' id='word_1_206' title='bbox 15 1988 36 2011; x_wconf 66' lang='lat'><strong>²</strong></span> <span class='ocrx_word' id='word_1_207' title='bbox 92 1997 208 2042; x_wconf 57' lang='lat'>5415.</span> <span class='ocrx_word' id='word_1_208' title='bbox 235 2006 283 2041; x_wconf 84' lang='lat'>20</span> <span class='ocrx_word' id='word_1_209' title='bbox 308 2006 354 2040; x_wconf 69' lang='lat' dir='ltr'>of.</span> <span class='ocrx_word' id='word_1_210' title='bbox 379 2005 469 2041; x_wconf 85' lang='lat' dir='ltr'>ibid.</span> <span class='ocrx_word' id='word_1_211' title='bbox 569 2006 613 2041; x_wconf 85' lang='lat'>12</span> <span class='ocrx_word' id='word_1_212' title='bbox 641 2006 686 2042; x_wconf 73' lang='lat' dir='ltr'>cf.</span> <span class='ocrx_word' id='word_1_213' title='bbox 715 2006 730 2041; x_wconf 91' lang='lat'>1</span> <span class='ocrx_word' id='word_1_214' title='bbox 757 2006 838 2043; x_wconf 75' lang='lat' dir='ltr'>cor.</span> <span class='ocrx_word' id='word_1_215' title='bbox 864 2007 899 2051; x_wconf 86' lang='lat'>3,</span> <span class='ocrx_word' id='word_1_216' title='bbox 928 2008 970 2043; x_wconf 87' lang='lat'>16</span> <span class='ocrx_word' id='word_1_217' title='bbox 997 2010 1066 2044; x_wconf 76' lang='lat' dir='ltr'>etc.</span> <span class='ocrx_word' id='word_1_218' title='bbox 1173 2008 1216 2044; x_wconf 85' lang='lat'>16</span> <span class='ocrx_word' id='word_1_219' title='bbox 1242 2008 1287 2043; x_wconf 75' lang='lat' dir='ltr'>cf.</span> <span class='ocrx_word' id='word_1_220' title='bbox 1313 2008 1415 2054; x_wconf 65' lang='lat' dir='ltr'>otig.</span> <span class='ocrx_word' id='word_1_221' title='bbox 1439 2009 1516 2054; x_wconf 68' lang='grc' dir='ltr'>περὶ</span> <span class='ocrx_word' id='word_1_222' title='bbox 1541 2008 1623 2055; x_wconf 69' lang='grc' dir='ltr'>ἀρχ)</span> 
     </span>
    </p>
   </div>
   <div class='ocr_carea' id='block_1_19' title="bbox 92 2064 1343 2112">
    <p class='ocr_par' dir='ltr' id='par_1_19' title="bbox 92 2064 1343 2112">
     <span class='ocr_line' id='line_1_30' title="bbox 92 2064 1343 2112; baseline 0.002 -13"><span class='ocrx_word' id='word_1_223' title='bbox 92 2065 274 2109; x_wconf 78' lang='lat' dir='ltr'>(Rufinus)</span> <span class='ocrx_word' id='word_1_224' title='bbox 300 2065 336 2099; x_wconf 91' lang='lat' dir='ltr'>II</span> <span class='ocrx_word' id='word_1_225' title='bbox 363 2065 395 2107; x_wconf 81' lang='lat'>8,</span> <span class='ocrx_word' id='word_1_226' title='bbox 422 2065 443 2100; x_wconf 88' lang='lat'><strong>3</strong></span> <span class='ocrx_word' id='word_1_227' title='bbox 518 2065 560 2100; x_wconf 82' lang='lat'>21</span> <span class='ocrx_word' id='word_1_228' title='bbox 591 2065 635 2100; x_wconf 86' lang='lat' dir='ltr'>cf.</span> <span class='ocrx_word' id='word_1_229' title='bbox 661 2066 767 2101; x_wconf 88' lang='lat' dir='ltr'>Plato</span> <span class='ocrx_word' id='word_1_230' title='bbox 795 2064 903 2112; x_wconf 86' lang='lat' dir='ltr'>Gorg.</span> <span class='ocrx_word' id='word_1_231' title='bbox 929 2066 999 2102; x_wconf 85' lang='lat'>493</span> <span class='ocrx_word' id='word_1_232' title='bbox 1026 2066 1067 2101; x_wconf 84' lang='lat' dir='ltr'>A.</span> <span class='ocrx_word' id='word_1_233' title='bbox 1096 2065 1192 2103; x_wconf 81' lang='lat' dir='ltr'>Crat.</span> <span class='ocrx_word' id='word_1_234' title='bbox 1217 2067 1288 2103; x_wconf 86' lang='grc'>400</span> <span class='ocrx_word' id='word_1_235' title='bbox 1313 2067 1343 2102; x_wconf 94' lang='grc' dir='ltr'>Β</span> 
     </span>
    </p>
   </div>
   <div class='ocr_carea' id='block_1_20' title="bbox 88 2147 1624 2728">
    <p class='ocr_par' dir='ltr' id='par_1_20' title="bbox 88 2147 1624 2728">
     <span class='ocr_line' id='line_1_31' title="bbox 138 2147 1622 2196; baseline 0.003 -15"><span class='ocrx_word' id='word_1_236' title='bbox 138 2148 158 2181; x_wconf 82' lang='grc'>2</span> <span class='ocrx_word' id='word_1_237' title='bbox 180 2148 218 2182; x_wconf 89' lang='lat' dir='ltr'>et</span> <span class='ocrx_word' id='word_1_238' title='bbox 236 2158 305 2183; x_wconf 88' lang='lat' dir='ltr'>om.</span> <span class='ocrx_word' id='word_1_239' title='bbox 323 2159 348 2192; x_wconf 76' lang='lat' dir='ltr'>g</span> <span class='ocrx_word' id='word_1_240' title='bbox 421 2147 606 2193; x_wconf 86' lang='lat' dir='ltr'>praeclara</span> <span class='ocrx_word' id='word_1_241' title='bbox 624 2151 657 2183; x_wconf 76' lang='lat' dir='ltr'>et</span> <span class='ocrx_word' id='word_1_242' title='bbox 677 2147 957 2194; x_wconf 82' lang='lat' dir='ltr'>praedicationis</span> <span class='ocrx_word' id='word_1_243' title='bbox 977 2149 1054 2184; x_wconf 77' lang='lat' dir='ltr'>AD</span> <span class='ocrx_word' id='word_1_244' title='bbox 1102 2150 1124 2185; x_wconf 87' lang='lat'><strong>3</strong></span> <span class='ocrx_word' id='word_1_245' title='bbox 1143 2149 1210 2185; x_wconf 86' lang='lat' dir='ltr'>hoc</span> <span class='ocrx_word' id='word_1_246' title='bbox 1229 2150 1305 2184; x_wconf 79' lang='lat' dir='ltr'>AD</span> <span class='ocrx_word' id='word_1_247' title='bbox 1353 2151 1375 2185; x_wconf 87' lang='lat'>4</span> <span class='ocrx_word' id='word_1_248' title='bbox 1395 2150 1514 2196; x_wconf 84' lang='lat' dir='ltr'>libris]</span> <span class='ocrx_word' id='word_1_249' title='bbox 1535 2150 1622 2186; x_wconf 79' lang='lat' dir='ltr'>add.</span> 
     </span>
     <span class='ocr_line' id='line_1_32' title="bbox 92 2206 1623 2256; baseline 0.003 -15"><span class='ocrx_word' id='word_1_250' title='bbox 92 2207 151 2252; x_wconf 88' lang='lat' dir='ltr'>qui</span> <span class='ocrx_word' id='word_1_251' title='bbox 175 2217 205 2241; x_wconf 85' lang='lat'>8.</span> <span class='ocrx_word' id='word_1_252' title='bbox 231 2206 254 2242; x_wconf 86' lang='lat' dir='ltr'>l.</span> <span class='ocrx_word' id='word_1_253' title='bbox 282 2206 381 2241; x_wconf 78' lang='lat' dir='ltr'>m2A</span> <span class='ocrx_word' id='word_1_254' title='bbox 460 2206 627 2242; x_wconf 85' lang='lat' dir='ltr'>APXON</span> <span class='ocrx_word' id='word_1_255' title='bbox 653 2207 757 2242; x_wconf 82' lang='lat' dir='ltr'>codd.</span> <span class='ocrx_word' id='word_1_256' title='bbox 825 2209 846 2243; x_wconf 89' lang='lat'>5</span> <span class='ocrx_word' id='word_1_257' title='bbox 873 2209 1032 2254; x_wconf 86' lang='lat' dir='ltr'>origenis</span> <span class='ocrx_word' id='word_1_258' title='bbox 1057 2208 1299 2244; x_wconf 80' lang='lat' dir='ltr'>Aa.c.m2DS</span> <span class='ocrx_word' id='word_1_259' title='bbox 1363 2210 1384 2244; x_wconf 89' lang='lat'>6</span> <span class='ocrx_word' id='word_1_260' title='bbox 1410 2221 1480 2244; x_wconf 91' lang='lat' dir='ltr'>non</span> <span class='ocrx_word' id='word_1_261' title='bbox 1507 2211 1623 2256; x_wconf 88' lang='lat' dir='ltr'>possit</span> 
     </span>
     <span class='ocr_line' id='line_1_33' title="bbox 88 2266 1624 2315; baseline 0.003 -14"><span class='ocrx_word' id='word_1_262' title='bbox 88 2267 148 2311; x_wconf 74' lang='lat' dir='ltr'>Bp</span> <span class='ocrx_word' id='word_1_263' title='bbox 163 2268 257 2301; x_wconf 84' lang='lat' dir='ltr'>c.m2</span> <span class='ocrx_word' id='word_1_264' title='bbox 317 2266 336 2300; x_wconf 87' lang='lat'><strong>7</strong></span> <span class='ocrx_word' id='word_1_265' title='bbox 365 2267 480 2311; x_wconf 85' lang='lat' dir='ltr'>possit</span> <span class='ocrx_word' id='word_1_266' title='bbox 505 2277 560 2312; x_wconf 86' lang='lat' dir='ltr'>sp.</span> <span class='ocrx_word' id='word_1_267' title='bbox 585 2278 613 2303; x_wconf 86' lang='lat' dir='ltr'>s.</span> <span class='ocrx_word' id='word_1_268' title='bbox 639 2266 675 2301; x_wconf 92' lang='lat' dir='ltr'><em>B</em></span> <span class='ocrx_word' id='word_1_269' title='bbox 737 2267 758 2301; x_wconf 92' lang='grc'>8</span> <span class='ocrx_word' id='word_1_270' title='bbox 786 2267 971 2312; x_wconf 86' lang='lat' dir='ltr'>origenem</span> <span class='ocrx_word' id='word_1_271' title='bbox 997 2267 1178 2304; x_wconf 84' lang='lat' dir='ltr'>dicentem</span> <span class='ocrx_word' id='word_1_272' title='bbox 1203 2280 1227 2314; x_wconf 77' lang='lat' dir='ltr'>g</span> <span class='ocrx_word' id='word_1_273' title='bbox 1290 2269 1334 2305; x_wconf 91' lang='lat'>10</span> <span class='ocrx_word' id='word_1_274' title='bbox 1360 2269 1524 2315; x_wconf 87' lang='lat' dir='ltr'>sepulcra</span> <span class='ocrx_word' id='word_1_275' title='bbox 1547 2270 1624 2305; x_wconf 92' lang='lat' dir='ltr'>DB</span> 
     </span>
     <span class='ocr_line' id='line_1_34' title="bbox 93 2324 1624 2374; baseline 0.003 -15"><span class='ocrx_word' id='word_1_276' title='bbox 93 2326 131 2359; x_wconf 89' lang='lat'>11</span> <span class='ocrx_word' id='word_1_277' title='bbox 160 2324 334 2370; x_wconf 88' lang='lat' dir='ltr'>religatas</span> <span class='ocrx_word' id='word_1_278' title='bbox 359 2324 429 2359; x_wconf 78' lang='lat' dir='ltr'>RS</span> <span class='ocrx_word' id='word_1_279' title='bbox 524 2337 635 2371; x_wconf 86' lang='lat' dir='ltr'>penas</span> <span class='ocrx_word' id='word_1_280' title='bbox 661 2326 766 2362; x_wconf 81' lang='lat' dir='ltr'>codd.</span> <span class='ocrx_word' id='word_1_281' title='bbox 854 2327 897 2362; x_wconf 81' lang='lat'>12</span> <span class='ocrx_word' id='word_1_282' title='bbox 921 2328 1059 2374; x_wconf 89' lang='lat' dir='ltr'>templa</span> <span class='ocrx_word' id='word_1_283' title='bbox 1082 2329 1143 2373; x_wconf 72' lang='lat' dir='ltr'>xpi</span> <span class='ocrx_word' id='word_1_284' title='bbox 1167 2339 1238 2363; x_wconf 90' lang='lat' dir='ltr'>non</span> <span class='ocrx_word' id='word_1_285' title='bbox 1265 2328 1296 2364; x_wconf 76' lang='lat' dir='ltr'><strong><em>S</em></strong></span> <span class='ocrx_word' id='word_1_286' title='bbox 1380 2329 1423 2364; x_wconf 87' lang='lat'>13</span> <span class='ocrx_word' id='word_1_287' title='bbox 1450 2329 1576 2364; x_wconf 86' lang='lat' dir='ltr'>exinde</span> <span class='ocrx_word' id='word_1_288' title='bbox 1599 2341 1624 2374; x_wconf 74' lang='lat' dir='ltr'>g</span> 
     </span>
     <span class='ocr_line' id='line_1_35' title="bbox 92 2383 1622 2434; baseline 0.003 -16"><span class='ocrx_word' id='word_1_289' title='bbox 92 2384 134 2419; x_wconf 84' lang='lat'>14</span> <span class='ocrx_word' id='word_1_290' title='bbox 152 2383 340 2419; x_wconf 83' lang='lat' dir='ltr'>mendacia</span> <span class='ocrx_word' id='word_1_291' title='bbox 355 2383 394 2418; x_wconf 92' lang='lat' dir='ltr'><strong><em>D</em></strong></span> <span class='ocrx_word' id='word_1_292' title='bbox 412 2384 619 2420; x_wconf 87' lang='lat' dir='ltr'>mandatico</span> <span class='ocrx_word' id='word_1_293' title='bbox 640 2385 840 2429; x_wconf 85' lang='lat' dir='ltr'>(mendatio</span> <span class='ocrx_word' id='word_1_294' title='bbox 859 2388 936 2431; x_wconf 80' lang='lat' dir='ltr'>m2)</span> <span class='ocrx_word' id='word_1_295' title='bbox 950 2387 986 2421; x_wconf 87' lang='grc' dir='ltr'><strong><em>Α</em></strong></span> <span class='ocrx_word' id='word_1_296' title='bbox 1059 2387 1232 2432; x_wconf 87' lang='lat' dir='ltr'>simplicis</span> <span class='ocrx_word' id='word_1_297' title='bbox 1252 2388 1464 2424; x_wconf 79' lang='lat' dir='ltr'>Aa.c.m2D</span> <span class='ocrx_word' id='word_1_298' title='bbox 1536 2399 1622 2434; x_wconf 89' lang='lat' dir='ltr'>quo-</span> 
     </span>
     <span class='ocr_line' id='line_1_36' title="bbox 89 2443 1622 2492; baseline 0.002 -14"><span class='ocrx_word' id='word_1_299' title='bbox 89 2454 158 2488; x_wconf 88' lang='lat' dir='ltr'>que</span> <span class='ocrx_word' id='word_1_300' title='bbox 183 2443 214 2479; x_wconf 80' lang='lat' dir='ltr'><strong><em>S</em></strong></span> <span class='ocrx_word' id='word_1_301' title='bbox 276 2445 319 2478; x_wconf 87' lang='lat'>15</span> <span class='ocrx_word' id='word_1_302' title='bbox 346 2454 445 2478; x_wconf 85' lang='lat' dir='ltr'>asser</span> <span class='ocrx_word' id='word_1_303' title='bbox 468 2445 494 2488; x_wconf 92' lang='lat' dir='ltr'>(i</span> <span class='ocrx_word' id='word_1_304' title='bbox 520 2455 548 2479; x_wconf 80' lang='lat' dir='ltr'>s.</span> <span class='ocrx_word' id='word_1_305' title='bbox 575 2444 598 2479; x_wconf 83' lang='lat' dir='ltr'>l.</span> <span class='ocrx_word' id='word_1_306' title='bbox 625 2446 701 2489; x_wconf 76' lang='lat' dir='ltr'>m2)</span> <span class='ocrx_word' id='word_1_307' title='bbox 728 2445 764 2479; x_wconf 92' lang='lat' dir='ltr'><strong><em>B</em></strong></span> <span class='ocrx_word' id='word_1_308' title='bbox 838 2444 1026 2492; x_wconf 86' lang='lat' dir='ltr'>Graecam]</span> <span class='ocrx_word' id='word_1_309' title='bbox 1054 2446 1142 2482; x_wconf 74' lang='lat' dir='ltr'>add.</span> <span class='ocrx_word' id='word_1_310' title='bbox 1169 2447 1264 2492; x_wconf 82' lang='lat' dir='ltr'>quod</span> <span class='ocrx_word' id='word_1_311' title='bbox 1291 2458 1441 2492; x_wconf 85' lang='lat' dir='ltr'>corpora</span> <span class='ocrx_word' id='word_1_312' title='bbox 1465 2458 1622 2483; x_wconf 80' lang='lat' dir='ltr'>carceres</span> 
     </span>
     <span class='ocr_line' id='line_1_37' title="bbox 89 2502 1620 2553; baseline 0.003 -16"><span class='ocrx_word' id='word_1_313' title='bbox 89 2502 187 2538; x_wconf 83' lang='lat' dir='ltr'>dieat</span> <span class='ocrx_word' id='word_1_314' title='bbox 204 2503 239 2537; x_wconf 78' lang='lat' dir='ltr'><strong><em>A</em></strong></span> <span class='ocrx_word' id='word_1_315' title='bbox 261 2502 359 2548; x_wconf 79' lang='lat' dir='ltr'>(del.)</span> <span class='ocrx_word' id='word_1_316' title='bbox 379 2503 417 2537; x_wconf 90' lang='lat' dir='ltr'><em>D</em></span> <span class='ocrx_word' id='word_1_317' title='bbox 486 2504 528 2538; x_wconf 87' lang='lat'>16</span> <span class='ocrx_word' id='word_1_318' title='bbox 555 2502 649 2550; x_wconf 78' lang='grc' dir='ltr'>ἐτυμ.</span> <span class='ocrx_word' id='word_1_319' title='bbox 676 2505 769 2548; x_wconf 71' lang='lat' dir='ltr'>(scil.</span> <span class='ocrx_word' id='word_1_320' title='bbox 798 2515 884 2540; x_wconf 84' lang='lat' dir='ltr'>uoce</span> <span class='ocrx_word' id='word_1_321' title='bbox 908 2505 1003 2552; x_wconf 82' lang='grc' dir='ltr'>ψυχή</span> <span class='ocrx_word' id='word_1_322' title='bbox 1032 2517 1056 2540; x_wconf 87' lang='lat' dir='ltr'>a</span> <span class='ocrx_word' id='word_1_323' title='bbox 1080 2506 1192 2542; x_wconf 78' lang='lat' dir='ltr'>uerbo</span> <span class='ocrx_word' id='word_1_324' title='bbox 1218 2506 1395 2553; x_wconf 70' lang='grc' dir='ltr'>ψύχεσθαι</span> <span class='ocrx_word' id='word_1_325' title='bbox 1420 2506 1620 2552; x_wconf 78' lang='lat' dir='ltr'>deriuata)]</span> 
     </span>
     <span class='ocr_line' id='line_1_38' title="bbox 89 2559 1620 2610; baseline 0.005 -18"><span class='ocrx_word' id='word_1_326' title='bbox 89 2560 180 2607; x_wconf 76' lang='grc' dir='ltr'><strong>ἑτομ.</strong></span> <span class='ocrx_word' id='word_1_327' title='bbox 201 2561 236 2595; x_wconf 83' lang='grc' dir='ltr'><strong><em>Α</em></strong></span> <span class='ocrx_word' id='word_1_328' title='bbox 262 2559 363 2606; x_wconf 79' lang='grc' dir='ltr'>(ὲτιμ.</span> <span class='ocrx_word' id='word_1_329' title='bbox 383 2563 460 2604; x_wconf 66' lang='grc' dir='ltr'>φη2)</span> <span class='ocrx_word' id='word_1_330' title='bbox 479 2561 519 2595; x_wconf 88' lang='lat' dir='ltr'><em>D</em></span> <span class='ocrx_word' id='word_1_331' title='bbox 543 2561 879 2598; x_wconf 85' lang='grc' dir='ltr'><strong>ΕΤΙΜΟΛΟΓΙΑΝ</strong></span> <span class='ocrx_word' id='word_1_332' title='bbox 904 2564 1167 2610; x_wconf 87' lang='lat' dir='ltr'>(etimologiam</span> <span class='ocrx_word' id='word_1_333' title='bbox 1187 2565 1236 2610; x_wconf 88' lang='lat' dir='ltr'>B)</span> <span class='ocrx_word' id='word_1_334' title='bbox 1258 2564 1354 2609; x_wconf 90' lang='lat' dir='ltr'>quod</span> <span class='ocrx_word' id='word_1_335' title='bbox 1380 2576 1529 2610; x_wconf 82' lang='lat' dir='ltr'>corpora</span> <span class='ocrx_word' id='word_1_336' title='bbox 1546 2576 1620 2600; x_wconf 88' lang='lat' dir='ltr'>car-</span> 
     </span>
     <span class='ocr_line' id='line_1_39' title="bbox 89 2619 1620 2670; baseline 0.001 -16"><span class='ocrx_word' id='word_1_337' title='bbox 89 2629 185 2654; x_wconf 83' lang='lat' dir='ltr'>ceres</span> <span class='ocrx_word' id='word_1_338' title='bbox 211 2619 378 2654; x_wconf 87' lang='lat' dir='ltr'>dicantur</span> <span class='ocrx_word' id='word_1_339' title='bbox 403 2620 506 2663; x_wconf 83' lang='lat' dir='ltr'>(add.</span> <span class='ocrx_word' id='word_1_340' title='bbox 533 2620 871 2657; x_wconf 85' lang='grc' dir='ltr'>ΕΤΙΜΟΛΟΓΙΑΝ</span> <span class='ocrx_word' id='word_1_341' title='bbox 891 2623 941 2668; x_wconf 84' lang='grc' dir='ltr'>Β)</span> <span class='ocrx_word' id='word_1_342' title='bbox 960 2622 1029 2658; x_wconf 79' lang='lat' dir='ltr'>RS</span> <span class='ocrx_word' id='word_1_343' title='bbox 1045 2624 1302 2670; x_wconf 85' lang='lat' dir='ltr'>etymologiam</span> <span class='ocrx_word' id='word_1_344' title='bbox 1329 2623 1442 2669; x_wconf 78' lang='grc' dir='ltr'><strong>ψυχὰς</strong></span> <span class='ocrx_word' id='word_1_345' title='bbox 1469 2623 1535 2657; x_wconf 78' lang='grc' dir='ltr'>ἀπὸ</span> <span class='ocrx_word' id='word_1_346' title='bbox 1561 2628 1620 2657; x_wconf 76' lang='grc' dir='ltr'>τοῦ</span> 
     </span>
     <span class='ocr_line' id='line_1_40' title="bbox 89 2676 1622 2728; baseline 0.004 -16"><span class='ocrx_word' id='word_1_347' title='bbox 89 2676 266 2723; x_wconf 74' lang='grc' dir='ltr'>ψύχεσθαι</span> <span class='ocrx_word' id='word_1_348' title='bbox 290 2691 314 2724; x_wconf 78' lang='lat' dir='ltr'>g</span> <span class='ocrx_word' id='word_1_349' title='bbox 393 2679 573 2715; x_wconf 76' lang='lat' dir='ltr'>uocitatas</span> <span class='ocrx_word' id='word_1_350' title='bbox 598 2680 638 2715; x_wconf 90' lang='lat' dir='ltr'><em>D</em></span> <span class='ocrx_word' id='word_1_351' title='bbox 718 2682 817 2728; x_wconf 85' lang='lat' dir='ltr'>quia]</span> <span class='ocrx_word' id='word_1_352' title='bbox 845 2682 907 2727; x_wconf 91' lang='lat' dir='ltr'>qui</span> <span class='ocrx_word' id='word_1_353' title='bbox 932 2682 972 2717; x_wconf 84' lang='lat' dir='ltr'><em>D</em></span> <span class='ocrx_word' id='word_1_354' title='bbox 1028 2683 1071 2718; x_wconf 87' lang='lat'>17</span> <span class='ocrx_word' id='word_1_355' title='bbox 1099 2683 1259 2717; x_wconf 84' lang='lat' dir='ltr'>amiserit</span> <span class='ocrx_word' id='word_1_356' title='bbox 1284 2683 1322 2717; x_wconf 88' lang='lat' dir='ltr'><em>D</em></span> <span class='ocrx_word' id='word_1_357' title='bbox 1399 2683 1468 2717; x_wconf 90' lang='lat' dir='ltr'>hoc</span> <span class='ocrx_word' id='word_1_358' title='bbox 1493 2693 1560 2717; x_wconf 88' lang='lat' dir='ltr'>om.</span> <span class='ocrx_word' id='word_1_359' title='bbox 1586 2683 1622 2717; x_wconf 91' lang='lat' dir='ltr'><strong><em>B</em></strong></span> 
     </span>
    </p>
   </div>
   <div class='ocr_carea' id='block_1_21' title="bbox 15 2736 1621 2790">
    <p class='ocr_par' dir='ltr' id='par_1_21' title="bbox 15 2736 1621 2790">
     <span class='ocr_line' id='line_1_41' title="bbox 15 2736 1621 2790; baseline 0.004 -20"><span class='ocrx_word' id='word_1_360' title='bbox 15 2742 24 2790; x_wconf 28' lang='grc' dir='ltr'>ι’</span> <span class='ocrx_word' id='word_1_361' title='bbox 90 2736 133 2770; x_wconf 85' lang='grc'>19</span> <span class='ocrx_word' id='word_1_362' title='bbox 159 2736 323 2782; x_wconf 86' lang='lat' dir='ltr'>cadauer]</span> <span class='ocrx_word' id='word_1_363' title='bbox 351 2738 589 2783; x_wconf 75' lang='lat' dir='ltr'>siym&#39;flcatur</span> <span class='ocrx_word' id='word_1_364' title='bbox 612 2740 689 2775; x_wconf 81' lang='lat' dir='ltr'>scil.</span> <span class='ocrx_word' id='word_1_365' title='bbox 718 2745 841 2787; x_wconf 81' lang='grc' dir='ltr'>πτῶμα</span> <span class='ocrx_word' id='word_1_366' title='bbox 868 2753 891 2776; x_wconf 90' lang='lat' dir='ltr'>a</span> <span class='ocrx_word' id='word_1_367' title='bbox 917 2741 1046 2776; x_wconf 77' lang='grc' dir='ltr'>πίπτειν</span> <span class='ocrx_word' id='word_1_368' title='bbox 1074 2742 1282 2776; x_wconf 71' lang='lat' dir='ltr'>deriualum</span> <span class='ocrx_word' id='word_1_369' title='bbox 1366 2742 1413 2778; x_wconf 91' lang='grc'>20</span> <span class='ocrx_word' id='word_1_370' title='bbox 1441 2741 1557 2776; x_wconf 82' lang='lat' dir='ltr'>uarias</span> <span class='ocrx_word' id='word_1_371' title='bbox 1582 2741 1621 2776; x_wconf 91' lang='lat' dir='ltr'><em>D</em></span> 
     </span>
    </p>
   </div>
   <div class='ocr_carea' id='block_1_22' title="bbox 88 2794 1622 2904">
    <p class='ocr_par' dir='ltr' id='par_1_22' title="bbox 88 2794 1622 2904">
     <span class='ocr_line' id='line_1_42' title="bbox 88 2794 1622 2846; baseline 0.003 -17"><span class='ocrx_word' id='word_1_372' title='bbox 88 2794 214 2840; x_wconf 82' lang='lat' dir='ltr'>supell.</span> <span class='ocrx_word' id='word_1_373' title='bbox 236 2795 271 2830; x_wconf 82' lang='lat' dir='ltr'><strong><em>A</em></strong></span> <span class='ocrx_word' id='word_1_374' title='bbox 297 2797 456 2842; x_wconf 72' lang='lat' dir='ltr'>suppelL</span> <span class='ocrx_word' id='word_1_375' title='bbox 478 2802 562 2841; x_wconf 77' lang='lat' dir='ltr'>cec.,·</span> <span class='ocrx_word' id='word_1_376' title='bbox 588 2798 674 2833; x_wconf 79' lang='lat' dir='ltr'>add.</span> <span class='ocrx_word' id='word_1_377' title='bbox 701 2803 804 2845; x_wconf 79' lang='grc' dir='ltr'>σῶμα</span> <span class='ocrx_word' id='word_1_378' title='bbox 829 2799 867 2834; x_wconf 88' lang='lat' dir='ltr'>id</span> <span class='ocrx_word' id='word_1_379' title='bbox 894 2802 950 2834; x_wconf 89' lang='lat' dir='ltr'>est</span> <span class='ocrx_word' id='word_1_380' title='bbox 968 2811 993 2844; x_wconf 76' lang='grc' dir='ltr'><strong><em>ς</em></strong></span> <span class='ocrx_word' id='word_1_381' title='bbox 1040 2800 1083 2835; x_wconf 89' lang='grc'>21</span> <span class='ocrx_word' id='word_1_382' title='bbox 1107 2799 1215 2846; x_wconf 82' lang='grc' dir='ltr'>σῆμα]</span> <span class='ocrx_word' id='word_1_383' title='bbox 1244 2798 1390 2834; x_wconf 82' lang='grc' dir='ltr'>ΟΝΜω</span> <span class='ocrx_word' id='word_1_384' title='bbox 1411 2799 1622 2836; x_wconf 81' lang='lat' dir='ltr'>Aa.c.m21›</span> 
     </span>
     <span class='ocr_line' id='line_1_43' title="bbox 88 2851 1618 2904; baseline 0.003 -16"><span class='ocrx_word' id='word_1_385' title='bbox 88 2851 228 2889; x_wconf 78' lang='lat' dir='ltr'>cwMA</span> <span class='ocrx_word' id='word_1_386' title='bbox 243 2854 413 2899; x_wconf 78' lang='lat' dir='ltr'>Ap.c.m2</span> <span class='ocrx_word' id='word_1_387' title='bbox 432 2855 562 2892; x_wconf 87' lang='lat' dir='ltr'>CEMO</span> <span class='ocrx_word' id='word_1_388' title='bbox 578 2856 646 2891; x_wconf 74' lang='lat' dir='ltr'>RS</span> <span class='ocrx_word' id='word_1_389' title='bbox 702 2858 786 2904; x_wconf 88' lang='lat' dir='ltr'>hoc]</span> <span class='ocrx_word' id='word_1_390' title='bbox 802 2858 838 2893; x_wconf 83' lang='lat' dir='ltr'>id</span> <span class='ocrx_word' id='word_1_391' title='bbox 851 2870 876 2903; x_wconf 75' lang='grc' dir='ltr'><em>ς</em></span> <span class='ocrx_word' id='word_1_392' title='bbox 936 2860 1056 2904; x_wconf 77' lang='lat' dir='ltr'>mem]</span> <span class='ocrx_word' id='word_1_393' title='bbox 1076 2861 1345 2894; x_wconf 81' lang='lat' dir='ltr'>monumentum</span> <span class='ocrx_word' id='word_1_394' title='bbox 1360 2870 1385 2903; x_wconf 78' lang='lat' dir='ltr'>g</span> <span class='ocrx_word' id='word_1_395' title='bbox 1445 2869 1500 2893; x_wconf 83' lang='lat' dir='ltr'>an.</span> <span class='ocrx_word' id='word_1_396' title='bbox 1516 2858 1570 2893; x_wconf 74' lang='lat' dir='ltr'>ita</span> <span class='ocrx_word' id='word_1_397' title='bbox 1587 2858 1618 2892; x_wconf 86' lang='lat' dir='ltr'><em>B</em></span> 
     </span>
    </p>
   </div>
   <div class='ocr_carea' id='block_1_23' title="bbox 122 2930 1567 2972">
    <p class='ocr_par' dir='ltr' id='par_1_23' title="bbox 122 2930 1567 2972">
     <span class='ocr_line' id='line_1_44' title="bbox 122 2930 1567 2972; baseline 0.009 -12"><span class='ocrx_word' id='word_1_398' title='bbox 122 2935 200 2963; x_wconf 75' lang='lat' dir='ltr'>mv.</span> <span class='ocrx_word' id='word_1_399' title='bbox 221 2935 347 2964; x_wconf 67' lang='lat' dir='ltr'>moron.</span> <span class='ocrx_word' id='word_1_400' title='bbox 369 2938 470 2972; x_wconf 75' lang='lat' dir='ltr'>Epist.</span> <span class='ocrx_word' id='word_1_401' title='bbox 492 2939 516 2964; x_wconf 85' lang='lat'>1.</span> <span class='ocrx_word' id='word_1_402' title='bbox 1521 2930 1567 2964; x_wconf 78' lang='lat'>25</span> 
     </span>
    </p>
   </div>
  </div>
 </body>
</html>
