1884 3254
313 220 397 261 240
852 215 1005 250 sancti
1029 213 1286 258 Hieronymi

313 345 480 388 coccino
518 345 729 399 byssoque
772 343 978 385 contexto.
1024 341 1152 383 ceteri
1195 340 1404 382 habebant
1446 339 1595 394 ephod,
1633 353 1713 382 non
1755 340 1832 383 illa

311 429 410 459 uero
442 415 644 457 uarietate
676 414 923 456 distinctum
956 413 1000 454 et
1030 411 1251 454 duodecim
1282 411 1494 465 lapidibus
1526 413 1732 462 ornatum,
1756 411 1831 466 qui

312 487 353 528 in
386 487 558 528 humero
590 487 770 538 utroque
807 482 1059 533 residebant,
1092 481 1165 524 sed
1196 481 1355 523 lineum
1387 483 1430 524 et
1461 482 1637 536 simplex
1668 484 1712 524 et
1738 483 1830 525 toto

315 557 491 600 candore
522 555 809 610 purissimum.

373 629 411 669 6.
444 627 614 676 Verum,
647 626 746 679 quia
782 637 909 678 supra
940 623 1212 682 promiseram
1250 635 1330 672 me,
1363 623 1400 665 si
1430 623 1616 676 spatium
1647 622 1833 666 dictandi
1873 633 1884 667 Ι

311 698 474 746 fuisset,
499 697 548 738 de
574 695 781 749 teraphim
808 707 975 749 quoque
998 694 1184 736 breuiter
1207 693 1483 736 disserturum
1510 706 1586 735 nec
1610 694 1833 748 quisquam

311 768 478 810 interim
510 766 798 820 interpellator
828 764 1012 813 aduenit,
1039 765 1147 806 scito
1177 763 1385 818 teraphim
1417 765 1468 805 ab
1493 764 1649 819 Aquila
1673 764 1834 819 μορφώ-

314 852 420 893 ματα
456 836 733 890 interpretari,
767 849 871 890 quas
904 848 979 877 nos
1011 835 1195 890 ‘figuras’
1227 835 1319 877 siue
1350 834 1649 890 ‘figurationes'
1683 845 1833 888 possu-

315 921 408 950 mus
447 908 596 950 dicere.
638 920 733 948 nam
771 909 813 948 et
849 907 891 948 in
931 919 978 948 eo
1015 906 1124 956 loco,
1164 906 1329 960 quando
1366 905 1487 947 misit
1517 904 1618 947 Saul
1648 904 1834 955 nuntios,
1882 938 1884 942 Α

316 981 364 1020 ut
395 979 602 1031 accipiant
632 977 784 1028 Dauid,
818 979 861 1018 et
899 976 1201 1030 responderunt
1238 977 1380 1018 uexari
1414 976 1535 1018 illum
1576 975 1761 1030 grauiter
1791 977 1836 1018 et
1860 987 1884 1016 1(

315 1050 434 1091 misit
462 1061 627 1090 rursum
663 1048 824 1090 dicens:
857 1047 1066 1089 adferte
1103 1047 1261 1089 illum
1298 1047 1347 1088 in
1385 1046 1531 1089 lecto
1564 1046 1625 1088 ad
1655 1059 1745 1097 me,
1776 1047 1836 1088 ut

317 1119 554 1162 occidam
594 1132 719 1160 eum.
758 1120 808 1160 et
846 1120 1114 1160 uenerunt
1151 1117 1341 1168 nuntii,
1380 1119 1432 1159 et
1469 1129 1593 1160 ecce
1631 1118 1835 1160 cenota-

315 1191 438 1244 phia
470 1190 518 1231 in
550 1190 709 1239 lecto,
743 1201 816 1242 pro
847 1188 1123 1241 ‘cenotaphia‘
1154 1188 1196 1229 in
1222 1188 1414 1230 Hebraeo
1439 1188 1663 1242 teraphim,
1693 1188 1739 1230 id
1768 1189 1838 1230 est

318 1262 580 1316 affectuum,
606 1259 744 1314 posita
769 1262 879 1312 sunt,
906 1254 949 1301 et
973 1271 1054 1301 non
1085 1259 1216 1300 ‘iecur
1246 1254 1492 1313 caprarum',
1524 1262 1574 1301 ut
1603 1259 1738 1301 nostri
1767 1270 1836 1301 00-

317 1331 431 1372 dices
463 1331 631 1382 habent,
666 1331 740 1372 sed
771 1330 993 1384 ‘puluillus
1026 1331 1326 1385 decaprarum
1357 1330 1467 1385 pelle
1500 1331 1731 1381 consutus’,
1763 1329 1837 1385 qui
1861 1341 1884 1368 12

316 1401 494 1443 intonsis
531 1401 630 1454 pilis
669 1404 796 1455 caput
837 1401 1021 1443 inuoluti
1063 1401 1105 1442 in
1147 1402 1307 1443 lectulo
1351 1389 1533 1443 hominis
1575 1401 1834 1444 mentiretur.

259 1500 266 1510 .
317 1474 366 1513 ut
402 1474 542 1513 autem
580 1472 803 1526 utriusque
842 1472 1047 1520 sermonis
1086 1472 1240 1526 pariter
1276 1472 1479 1525 explicem
1517 1472 1755 1525 ueritatem,
1791 1471 1835 1514 in

319 1541 427 1584 Osee
458 1543 736 1584 comminatur
767 1543 872 1584 deus
909 1555 954 1585 se
992 1556 1016 1584 a
1046 1544 1204 1597 populo
1240 1543 1470 1586 fornicante
1503 1555 1646 1586 omnes
1677 1541 1837 1597 gratias

318 1613 555 1654 ablaturum
588 1614 749 1655 dicens:
784 1614 907 1668 quia
945 1613 1136 1657 diebus
1180 1614 1370 1656 multis
1415 1613 1682 1656 sedebunt
1721 1612 1838 1655 filii

318 1684 528 1726 Israhel
574 1684 689 1726 sine
737 1698 857 1739 rege
903 1687 953 1726 et
992 1685 1101 1726 sine
1138 1685 1386 1739 principe
1431 1687 1482 1727 et
1519 1685 1633 1726 sine
1677 1683 1884 1736 sacri-‚2⁴

319 1754 451 1797 ficio
509 1757 557 1797 et
615 1756 730 1797 sine
787 1757 952 1798 altari
997 1757 1048 1798 et
1104 1755 1217 1798 sine
1269 1756 1579 1798 sacerdotio
1624 1758 1676 1797 et
1724 1755 1838 1797 sine
1882 1750 1884 1804 i

318 1825 880 1868 manifestationibus.
916 1839 991 1879 pro
1024 1826 1286 1869 ‘sacerdotio'
1319 1828 1361 1868 et
1403 1825 1840 1869 ‘manifestationibus’
1880 1831 1884 1880 ξ

441 1951 462 1986 2
488 1951 531 1986 cf.
557 1951 620 1986 EX.
646 1952 703 1996 28,
729 1952 857 1986 9—12.
884 1951 940 1992 36,
969 1952 1109 1986 13—14
1134 1951 1207 1995 (39,
1227 1952 1335 1997 6—7)
1385 1952 1427 1987 11
1448 1951 1488 1986 *Ι
1506 1952 1595 1997 Reg.
1623 1951 1678 1996 19,
1699 1951 1839 1987 15—16

325 2010 367 2045 19
394 2009 479 2045 *Ο8.
507 2010 540 2055 3,
566 2012 588 2045 4

370 2092 386 2125 1
417 2102 522 2126 cocco
541 2092 644 2136 Bp.c.
718 2092 783 2126 illa
808 2102 893 2126 uero
919 2094 1019 2135 (uero
1046 2092 1114 2126 del.
1138 2092 1249 2134 Bm2,
1275 2102 1342 2127 om.
1367 2092 1459 2135 HD)
1485 2103 1560 2127 uar.
1587 2092 1698 2128 ΗΠΒ
1721 2092 1839 2127 narie-

321 2152 397 2185 tate
423 2152 480 2194 (ex
504 2151 700 2186 illarietate
725 2153 799 2195 m2)
825 2153 859 2185 A
932 2152 953 2185 2
981 2151 1032 2196 et]
1059 2161 1099 2186 ex
1124 2151 1163 2185 D
1235 2152 1256 2186 3
1280 2161 1427 2185 numero
1452 2150 1611 2192 Da-c.‚B
1703 2150 1839 2186 reside-

321 2209 386 2243 bat
409 2210 445 2244 B
530 2211 550 2244 5
577 2210 607 2243 si
632 2220 658 2245 8.
688 2210 710 2244 l.
738 2210 772 2243 Β
857 2211 878 2245 6
904 2221 948 2244 ne
973 2210 1047 2244 AB
1126 2211 1144 2244 7
1171 2209 1443 2245 MOPOMATA
1467 2210 1504 2244 B
1527 2210 1742 2245 morfomata
1765 2209 1847 2245 ΛΠ

321 2269 536 2302 marfomata
558 2268 599 2302 D
718 2269 738 2303 8
765 2269 860 2313 quod
878 2269 1047 2313 Bp.c.m2
1165 2269 1187 2304 9
1213 2271 1250 2303 et
1275 2269 1321 2313 B,
1347 2279 1414 2303 om.
1440 2273 1502 2304 cet.
1611 2268 1690 2303 saul
1714 2268 1792 2303 11118.
1815 2279 1843 2313 ς

326 2327 368 2361 10
394 2327 597 2371 acciperent
622 2329 763 2372 (perent
786 2328 827 2362 in
850 2331 940 2371 ras.)
963 2328 1000 2362 Β
1097 2328 1162 2363 alt.
1189 2332 1225 2362 et
1250 2339 1317 2362 om.
1341 2338 1367 2372 ς
1463 2327 1504 2362 11
1530 2327 1663 2362 lectum
1688 2327 1726 2362 Β
1802 2337 1842 2362 Ἴι

323 2395 379 2419 me
405 2384 581 2426 Aa.c.m2,
608 2395 676 2422 om.
701 2386 738 2420 Β
812 2386 854 2420 12
881 2398 959 2420 enm
985 2387 1022 2421 B
1046 2387 1146 2421 illum
1172 2390 1233 2422 cet.
1329 2397 1389 2431 pr.
1417 2387 1466 2431 et]
1493 2390 1579 2421 tunc
1603 2385 1639 2420 Β
1734 2396 1840 2421 ceno-

324 2444 424 2488 tapia
449 2444 562 2478 AHD
620 2445 661 2479 13
686 2445 722 2478 in
743 2456 770 2480 s.
792 2446 815 2479 l.
834 2446 870 2479 B
964 2446 1096 2480 lectum
1121 2446 1224 2481 Ba.e.
1305 2446 1493 2491 ceontapia
1517 2445 1632 2480 ΔΗΒ
1655 2444 1842 2480 cenotafiis

325 2503 371 2549 (is
396 2514 440 2538 ex
465 2515 484 2537 a
509 2505 585 2546 mz)
605 2503 641 2537 Β
667 2505 892 2549 cenotaphiis
911 2516 935 2549 g
1032 2505 1076 2539 14
1101 2505 1314 2540 marfomata
1332 2505 1372 2540 D
1395 2504 1497 2540 morf.
1524 2508 1588 2540 cet.
1682 2504 1782 2539 iecur
1804 2504 1841 2538 B

322 2561 432 2596 decor
457 2566 519 2597 cet.
625 2563 667 2596 16
693 2563 776 2608 pilis
803 2574 987 2608 caprarum
1012 2564 1048 2598 Β
1152 2565 1194 2600 17
1222 2575 1294 2599 uer.
1321 2574 1395 2609 par.
1421 2564 1511 2609 expl.
1535 2574 1561 2608 g
1652 2562 1694 2598 18
1720 2573 1781 2598 ose
1804 2562 1842 2597 B

326 2620 526 2655 cominatur
548 2621 585 2655 Β
682 2632 820 2656 omnem
847 2622 998 2666 gratiam
1018 2622 1133 2657 AHD
1223 2624 1266 2658 19
1294 2622 1389 2668 quod
1411 2634 1436 2667 g
1460 2633 1463 2636 ·
1530 2623 1576 2658 20
1600 2622 1706 2657 israel
1733 2621 1845 2657 ΑΠΒ

326 2679 391 2714 alt.
417 2679 493 2714 sine
519 2690 587 2714 om.
612 2679 727 2714 ΑΗΒ
835 2681 897 2715 alt.
926 2683 963 2714 et
987 2691 1055 2715 om.
1080 2681 1156 2715 AD
1239 2682 1282 2716 21
1302 2693 1362 2726 pr.
1390 2684 1427 2716 et
1451 2692 1518 2718 om.
1544 2681 1660 2716 ΑΗΒ
1765 2680 1842 2715 sine

327 2738 388 2772 alt.
414 2748 481 2772 om.
507 2738 550 2772 Π
629 2738 743 2773 altare
767 2737 843 2772 AD
928 2743 1004 2774 tert.
1031 2740 1107 2774 sine
1133 2751 1200 2775 om.
1227 2740 1342 2775 AIID
1412 2741 1458 2775 22
1482 2751 1546 2785 pro
1572 2750 1643 2775 sac.
1669 2741 1707 2774 et
1729 2739 1842 2785 man-1

324 2797 366 2830 in
388 2807 456 2841 my.
481 2796 527 2839 B,
553 2807 619 2831 om.
646 2798 680 2831 A
