1884 3254
260 267 346 310 268
801 265 953 300 Sancti
979 265 1234 310 Hieronymi

922 393 1113 435 xxxvi

822 486 896 527 AD
931 474 1229 551 DAMASUMg

537 579 789 621 Beatissimo
821 591 953 633 papae
987 579 1169 620 Damaso
1202 579 1496 634 Hieronymus.

321 664 357 704 1.
394 662 626 715 Postquam
671 661 897 714 epistulam
935 663 1034 703 tuae
1079 661 1315 703 sanctitatis
1359 663 1515 715 accepi,
1555 647 1776 705 confestim

199 765 203 769 .
258 732 392 774 accito
426 731 600 781 notario,
634 733 682 772 ut
719 730 938 785 exciperet,
970 731 1194 784 imperatui:
1230 744 1311 785 quo
1350 732 1402 774 ad
1440 732 1626 776 officium
1662 746 1779 787 prae-

258 804 416 857 parato,
455 802 578 855 quod*
610 814 719 843 eram
765 814 868 843 uoce
911 804 1195 856 prompturus,
1241 803 1335 844 ante
1379 802 1483 844 mihi
1526 803 1779 857 cogitatione

258 874 493 929 pingebam.
517 872 684 915 interim
709 872 794 913 iam
819 874 862 914 et
887 885 965 928 ego
992 872 1177 927 linguam
1212 875 1255 914 et
1284 873 1613 929 ille-articulum
1638 887 1779 917 moue·

258 944 423 994 bamus,
462 955 557 985 cum
597 943 737 984 subito
775 938 993 985 Hebraeus
1030 938 1256 984 interuenit
1296 943 1484 986 deferens
1522 956 1602 986 non
1646 957 1779 999 pauca

259 1013 488 1065 uolumina,
515 1026 620 1068 quae
653 1013 702 1055 de
735 1025 950 1068 synagoga
980 1013 1102 1067 quasi
1131 1014 1318 1056 lecturus
1352 1017 1651 1072 acceperat-et
1679 1015 1778 1057 ilico

258 1084 426 1135 ‘habes’‚
463 1084 615 1137 inquit,
658 1083 784 1137 ‘quod
826 1083 1136 1137 postulaueras’
1171 1097 1322 1138 meque
1366 1084 1540 1127 dubium
1585 1087 1640 1137 et,
1678 1085 1779 1140 quid

258 1155 451 1205 facerem,
477 1154 735 1196 nescientem
759 1155 819 1196 ita
849 1154 1030 1199 festinus
1063 1155 1276 1207 exterruit,
1303 1158 1351 1197 ut
1383 1156 1576 1198 omnibus
1601 1158 1781 1210 praeter-

258 1225 402 1268 missis
441 1225 492 1267 ad
531 1225 796 1267 scribendum
833 1225 1159 1276 transuolarem3
1200 1226 1311 1280 quod
1348 1226 1517 1280 quidem
1554 1239 1690 1280 usque
1728 1227 1780 1269 ad

259 1308 454 1349 praesens
486 1296 608 1338 facio.
641 1309 800 1350 uerum,
833 1297 932 1350 quia
962 1297 1050 1338 heri
1083 1297 1257 1339 diacono
1290 1297 1341 1339 ad
1378 1310 1445 1339 me
1476 1297 1620 1348 misso,
1653 1300 1702 1340 ut
1731 1300 1780 1339 tu

259 1369 396 1421 putas,
435 1367 673 1421 epistulam,
712 1369 761 1413 ut
797 1380 875 1422 ego
914 1359 1063 1417 sentio,
1102 1369 1446 1410 commentarium
1484 1370 1526 1416 te
1566 1370 1780 1422 expectare

260 1437 402 1478 dixisti
436 1437 609 1478 breuem
647 1438 961 1491 responsionem
998 1438 1051 1480 ad
1075 1450 1137 1480 ⁴ea
1175 1438 1431 1491 desiderans,
1468 1446 1574 1500 quae
1612 1438 1780 1494 singula

258 1520 503 1562 magnorum
541 1508 805 1550 uoluminum
843 1508 1048 1563 indigent,
1085 1509 1207 1550 ταῦτά
1245 1523 1308 1550 σοι
1351 1507 1571 1566 ὲσχεδίασα
1615 1509 1777 1552 duabus

257 1580 421 1619 tantum
460 1579 794 1632 quaestiunculis
831 1579 1155 1633 praetermissis,
1199 1593 1279 1622 non
1325 1593 1405 1634 quo
1449 1594 1528 1623 non
1568 1581 1776 1635 potuerim

259 1650 301 1690 et
336 1647 389 1689 ad
423 1648 518 1690 illas
558 1648 718 1702 aliquid
754 1649 1019 1703 respondere,
1059 1649 1133 1692 sed
1171 1651 1283 1704 quod
1321 1650 1371 1693 ab
1416 1651 1776 1705 eloquentissimis

497 1855 500 1859 .
543 1821 798 1867 Sanyallensis
821 1825 902 1858 238
926 1835 954 1858 s.
986 1823 1100 1859 VIII.

546 1881 791 1916 Colmarensis
818 1884 863 1916 41
885 1893 914 1917 s.
939 1882 1013 1917 IX.

543 1939 795 1975 Berolinenais
821 1940 886 1977 lat.
911 1942 960 1975 17
983 1951 1011 1976 s.
1037 1941 1110 1977 IX.

542 1997 782 2033 Monacensis
807 1999 873 2034 lat.
898 2001 1032 2034 14500
1055 2010 1084 2034 s.
1110 2000 1186 2037 IX.

545 2056 750 2092 Vaticanus
776 2058 841 2093 lat.
870 2058 1009 2103 355-4—
1025 2060 1105 2093 356
1128 2069 1156 2094 s.
1183 2059 1343 2094 IX—X.

538 2116 790 2152 Berolineneis
815 2117 879 2152 lat.
905 2119 957 2152 18
979 2128 1007 2153 8.
1033 2117 1131 2152 XII.

399 1828 440 2149 ωδῼμῖῢέ

469 2132 513 2145 ΙΙ
469 2073 514 2087 ΙΙ
471 2013 516 2027 ΙΙ
473 1955 518 1968 ΙΙ
472 1897 517 1910 ΙΙ

306 2255 327 2288 2
354 2254 397 2289 ad
425 2254 607 2290 damasum
634 2262 666 2292 tn
682 2267 702 2301 q
729 2256 773 2291 ad
799 2268 929 2302 papam
955 2256 1139 2292 damasum
1165 2256 1208 2292 de
1233 2257 1304 2292 VII
1328 2259 1424 2302 (octo
1450 2258 1500 2303 A)
1532 2257 1702 2293 uindiciis
1726 2259 1777 2303 (in

258 2313 344 2348 add.
370 2325 399 2349 a.
426 2314 448 2348 l.
474 2317 536 2349 m2
560 2316 608 2360 A)
636 2316 714 2350 eain
733 2316 809 2351 AD
834 2315 979 2351 damaso
1005 2316 1224 2351 iheronimus
1243 2317 1292 2360 B,
1316 2317 1425 2352 titulo
1451 2321 1550 2352 caret
1568 2318 1621 2361 Ω,·
1643 2317 1777 2353 Hiero—

259 2372 362 2417 nymi
383 2383 514 2408 nomen
539 2373 706 2409 exhibent
724 2375 824 2410 tituli
841 2386 962 2410 omnes
1028 2375 1050 2410 3
1070 2375 1261 2421 Beat.—p.
1276 2378 1367 2420 269,
1386 2378 1434 2410 18
1452 2376 1614 2411 exsoluet
1631 2387 1700 2412 om.
1720 2383 1776 2422 mq

258 2430 368 2475 hi(ih-
382 2431 611 2474 B)eronimus
637 2433 741 2468 codd.
826 2436 850 2469 4
875 2435 1015 2480 suscepi
1040 2434 1076 2469 B
1175 2436 1196 2471 5
1222 2438 1262 2470 ut
1286 2446 1316 2470 8.
1342 2435 1365 2471 Ζ.
1391 2437 1455 2470 m2
1477 2435 1514 2470 B
1592 2435 1614 2470 6
1640 2436 1776 2481 cogita·

257 2489 350 2524 tioni
376 2490 409 2524 Ω
469 2492 488 2524 7
515 2492 746 2527 monebamur
770 2494 939 2530 Aa.c.m2
1005 2495 1026 2529 9
1051 2494 1149 2530 illico
1175 2496 1210 2529 A
1279 2495 1319 2530 11
1348 2495 1401 2530 ita
1425 2506 1492 2530 om.
1518 2497 1552 2530 Ω
1614 2496 1657 2531 13
1682 2494 1775 2540 heri]

256 2560 286 2584 s.
313 2549 337 2583 l.
363 2548 449 2584 add.
475 2551 513 2584 te
538 2551 637 2585 Ama
750 2563 770 2586 a
795 2552 944 2587 diacono
970 2554 1004 2587 A
1032 2553 1281 2588 archidiacono
1307 2554 1347 2588 D
1460 2554 1567 2588 misso
1594 2553 1640 2588 ad
1664 2565 1720 2589 me
1745 2553 1778 2588 Ω

257 2611 299 2643 tu
325 2619 393 2643 om.
418 2608 494 2644 AD
569 2610 612 2645 14
637 2610 689 2655 ut]
718 2613 753 2645 et
778 2613 818 2645 ut
843 2612 944 2656 ch.
1020 2613 1063 2647 15
1088 2624 1180 2659 resp.
1204 2613 1304 2648 breu.
1330 2615 1364 2649 Ω
1441 2612 1658 2658 desiderans]
1685 2623 1777 2659 quae

258 2666 441 2702 desideras
468 2666 662 2703 adnectens
687 2670 720 2703 Ω
799 2670 841 2704 16
867 2669 1028 2705 indicant
1053 2672 1260 2707 Aa.c.m2D
1283 2671 1449 2717 indigent
1474 2671 1719 2717 disputatione
1744 2672 1778 2706 Ω

256 2724 465 2771 prolixitate
489 2725 656 2772 indigent
678 2738 703 2772 ς
863 2727 1367 2767 ΤΑΥΤΑΟΟΙΕΟΧΕΔΙΑΟΑ
1393 2732 1435 2773 (s.
1462 2731 1484 2765 Ζ.
1511 2733 1574 2766 m2
1596 2730 1684 2766 haec
1708 2729 1777 2765 tibi

260 2783 445 2818 confestim
473 2784 544 2819 dixi
568 2785 586 2819 λ’
611 2784 777 2829 discussi)
803 2787 850 2827 A,
875 2788 1031 2823 uariant
1055 2792 1117 2823 cet.
1230 2789 1272 2823 17
1301 2788 1395 2834 quod
1420 2788 1562 2834 Dae-,52
1670 2789 1713 2824 18
1740 2791 1777 2824 et

256 2852 325 2878 om.
349 2853 374 2887 ς
469 2843 527 2889 ab]
556 2846 592 2878 et
616 2844 660 2879 ab
687 2845 756 2879 ΩΒ

1820 745 1838 773 5

1802 1098 1839 1127 10

1803 1448 1839 1477 1⁵

1876 2585 1884 2662 i

1872 2699 1884 3254 i
