1884 3254
174 286 260 327 614
717 279 867 314 Sancti
894 279 1025 314 Hiero
1063 279 1145 324 ymi

172 424 323 468 genera
358 410 581 464 pontificis.
618 409 658 450 in
689 407 879 450 Leuitico
913 407 962 448 de
995 408 1156 460 septem
1189 408 1352 448 tantum
1392 408 1598 462 scriptum
1628 411 1695 451 est

172 487 215 526 et
248 483 440 530 refertur,
479 479 688 534 quomodo
722 479 890 532 Moyses
928 477 1101 518 fratrem
1133 489 1259 518 suum
1289 477 1427 519 Aaron
1458 477 1543 519 illis
1575 478 1694 520 indu-

172 553 268 595 erit:
302 551 352 592 de
384 550 486 593 solis
518 548 786 591 feminalibus
818 547 922 589 nihil
949 546 1103 589 dicitur
1125 547 1217 598 hac,
1250 549 1298 589 ut
1328 548 1519 599 arbitror,
1553 560 1693 599 causa,

171 622 282 676 quod
315 621 366 662 ad
397 619 598 675 genitalia
629 621 772 660 nostra
803 620 845 659 et
876 617 1113 659 uerecunda
1143 617 1208 659 lex
1237 630 1318 660 non
1351 618 1484 659 mittit
1506 631 1695 669 manum,

171 692 244 734 sed
275 691 356 745 ipsi
389 690 614 732 secretiora
644 691 786 730 nostra
818 690 861 730 et
892 687 1137 730 confusione
1170 687 1295 742 digna
1318 689 1462 743 tegere
1487 690 1531 730 et
1554 689 1695 731 uelare
1735 702 1754 728 5

172 763 372 803 debemus
423 763 465 802 et
514 759 812 820 censcientiam
861 758 1061 813 puritatis
1105 760 1148 800 et
1190 758 1398 800 seminum
1444 758 1521 801 deo
1562 759 1695 801 iudici

171 844 396 885 reseruare.
430 831 481 872 de
513 829 662 872 ceteris
694 829 941 878 uirtutibus,
976 828 1093 870 uerbi
1120 829 1257 883 gratia
1272 829 1498 883 sapientia,
1529 829 1695 872 fortitu-

172 903 279 952 dine,
304 901 482 950 iustitia,
509 900 764 950 humilitate,
795 899 1132 950 mansuetudine,
1156 899 1424 951 liberalitate,
1448 901 1631 953 possunt
1652 902 1697 942 et

171 974 241 1015 alii
266 972 469 1015 iudicare:
502 971 751 1025 pudicitiam
777 971 868 1012 sola
892 970 1012 1012 nouit
1036 969 1291 1012 conscientia
1317 972 1359 1012 et
1382 970 1559 1012 humani
1583 970 1694 1013 oculi

171 1044 298 1085 huius
329 1043 387 1084 rei
420 1043 522 1085 certi
554 1041 715 1084 iudices
748 1054 840 1084 esse
872 1054 952 1083 non
983 1043 1165 1094 possunt
1195 1040 1354 1094 absque
1384 1041 1466 1091 his,
1499 1041 1572 1094 qui
1601 1052 1695 1095 pas-
1720 1054 1757 1083 ιο

173 1115 251 1156 sim
278 1114 319 1155 in
345 1125 502 1156 morem
534 1113 754 1154 brutorum
784 1111 1030 1153 animalium
1055 1110 1220 1153 libidini
1244 1111 1421 1166 expositi
1447 1113 1561 1154 sunt.
1585 1110 1696 1153 unde

172 1187 213 1226 et
240 1183 477 1238 apostolus:
507 1183 565 1224 de
591 1182 918 1237 uirginibus,
943 1181 1095 1235 inquit,
1121 1183 1467 1236 praeceptum
1495 1181 1694 1223 domini

172 1268 267 1296 non
312 1254 493 1303 habeo,
539 1253 660 1307 quasi
702 1253 873 1307 Moyses
916 1252 1134 1305 loquatur:
1166 1251 1450 1293 ‘feminalibus
1494 1263 1571 1306 ego
1615 1264 1695 1294 non

170 1325 307 1368 uestio
340 1337 416 1367 nee
445 1325 598 1379 inpono
632 1323 759 1367 alicui
790 1323 1103 1371 necessitatem;
1138 1323 1211 1376 qui
1241 1322 1338 1365 uult
1369 1322 1564 1365 sacerdos
1589 1334 1696 1373 esse,

113 1402 129 1429 .-
171 1396 261 1449 ipse
294 1408 338 1437 se
370 1395 560 1438 uestiat’.·
589 1408 610 1437 o
644 1392 823 1448 quantae
854 1389 1040 1448 uirgines
1073 1396 1116 1435 et
1146 1395 1395 1448 quantorum
1427 1394 1592 1447 sperata
1620 1405 1696 1446 pu·
1720 1406 1757 1434 ιο

173 1466 316 1508 dieitia
350 1466 392 1508 in
425 1465 492 1507 die
523 1464 670 1507 iudicii
702 1464 1058 1515 dehonestabitur,
1099 1467 1350 1518 quantorum
1390 1463 1594 1505 infamata
1621 1476 1698 1518 pu-

173 1536 317 1578 dicitia
348 1548 372 1577 a
403 1535 480 1578 deo
511 1535 651 1578 iudice
671 1534 967 1578 coronabitur!
999 1535 1132 1589 igitur
1161 1534 1244 1587 ipsi
1276 1523 1548 1576 adsumamus
1578 1533 1698 1575 femi-

172 1606 294 1656 nalia,
326 1606 410 1660 ipsi
434 1608 577 1648 nostra
601 1605 837 1647 uerecunda
862 1605 1115 1659 operiamus,
1140 1617 1222 1646 non
1254 1617 1506 1658 quaeramus
1538 1604 1697 1646 alienos

174 1677 331 1718 oculos.
361 1677 421 1719 ita
452 1678 650 1731 tegantur
681 1676 894 1730 genitalia,
928 1677 977 1717 ut
1007 1676 1219 1717 nullorum
1251 1675 1384 1717 oculis
1416 1677 1600 1729 pateant,
1632 1687 1696 1724 ne,

175 1747 338 1800 qnando
362 1747 567 1789 intramus
595 1748 740 1788 sancta
765 1748 1016 1797 sanctorum,
1043 1746 1078 1787 si
1104 1759 1186 1799 qua
1206 1745 1445 1800 apparuerit
1463 1744 1695 1799 turpitudo,
1719 1758 1757 1787 20

175 1818 307 1860 morte
339 1817 578 1860 moriamur.
1291 1855 1300 1867 ,

232 1889 299 1929 22.
331 1888 420 1929 Iam
452 1900 589 1929 sermo
620 1887 764 1928 finitur
795 1889 837 1929 et
869 1887 920 1928 ad
953 1886 1168 1941 superiora
1197 1886 1399 1928 retrahor.
1430 1887 1549 1927 ‘tanta
1574 1885 1699 1927 debet

173 1971 264 2000 esse
304 1958 478 2000 scientia
510 1960 551 1999 et
578 1957 756 2000 eruditio
788 1956 1000 2011 pontificis
1034 1956 1115 2007 dei,
1151 1958 1200 1999 ut
1231 1958 1273 1999 et
1304 1968 1500 2011 egressus
1533 1955 1624 1998 eius
1656 1958 1700 1998 et

290 2085 307 2119 1
330 2083 374 2120 cf.
393 2085 480 2119 Leu.
499 2085 533 2128 8,
555 2085 646 2119 7—9
722 2085 765 2119 12
789 2084 808 2118 Ι
834 2084 914 2120 Cor.
942 2084 974 2127 7,
1001 2084 1047 2118 25
1104 2099 1113 2110 ι

222 2156 242 2188 2
269 2153 445 2199 quomodo
472 2164 516 2188 eoe
541 2153 646 2188 modo
671 2153 715 2187 K
831 2163 948 2188 mose·
973 2152 1052 2188 HR
1148 2153 1170 2187 3
1194 2153 1263 2188 hac
1287 2153 1325 2198 (h
1350 2153 1392 2187 in
1415 2153 1506 2198 ras.)
1530 2152 1575 2187 K
1595 2163 1639 2187 ac
1660 2153 1699 2187 B

175 2213 262 2247 haec
292 2213 324 2246 Φ
370 2213 394 2246 4
419 2215 456 2247 et
479 2223 507 2247 s.
536 2213 559 2246 l.
584 2213 621 2246 B
647 2213 683 2246 et
708 2211 752 2246 ad
776 2211 892 2247 ΗΒΦ
963 2211 1122 2246 uerenda
1144 2223 1169 2256 g
1217 2212 1238 2247 5
1263 2211 1341 2256 ipse
1370 2212 1506 2256 ‹Dipsa
1530 2211 1700 2246 Ba.e.m2

174 2272 298 2316 digna]
324 2271 519 2316 dignantur
547 2273 647 2313 (ntur
671 2272 780 2314 eras.)
804 2270 841 2305 B
937 2271 959 2305 6
986 2270 1209 2315 conscientia
1231 2270 1268 2304 B
1364 2270 1414 2315 et]
1441 2281 1482 2305 ac
1505 2270 1557 2313 D,
1582 2281 1650 2305 om.
1674 2281 1699 2315 s

175 2330 345 2364 feminum
375 2330 406 2363 Φ
502 2329 558 2364 dei
583 2328 716 2364 iudicio
741 2330 778 2364 B
852 2330 871 2364 7
898 2330 1113 2374 sapientiam
1138 2328 1390 2364 fortitudinem
1415 2328 1459 2363 K
1545 2329 1568 2363 8
1593 2329 1698 2364 iusti-

174 2390 262 2423 tiam
288 2389 345 2428 K,-
371 2388 457 2422 aad.
482 2388 723 2434 temperantia
744 2400 769 2432 ς
928 2388 1174 2423 humilitatem
1197 2386 1513 2422 mansuetudinem
1538 2387 1697 2422 liberali-

174 2450 286 2482 tatem
313 2447 355 2481 K
471 2449 508 2482 et
532 2459 560 2482 s.
588 2447 610 2481 l.
636 2448 736 2482 m2B
825 2448 845 2481 9
873 2447 1050 2492 pudicitia
1072 2446 1117 2481 K
1234 2446 1345 2482 solam
1369 2458 1395 2491 ς
1514 2446 1698 2481 conscien-

176 2506 263 2541 tiam
290 2505 329 2540 Κ
415 2506 460 2541 10
485 2506 573 2540 certi
598 2517 626 2540 s.
654 2506 677 2540 Ζ.
702 2506 746 2540 K
830 2507 870 2541 11
898 2506 934 2540 in
961 2516 1052 2542 era&
1081 2505 1119 2540 Π
1209 2515 1308 2540 more
1334 2505 1373 2540 11
1465 2506 1551 2540 sunt
1574 2515 1651 2550 exp.
1674 2515 1701 2549 ς

174 2565 336 2611 exposite
361 2566 414 2608 (-e
440 2565 494 2608 D)
523 2564 668 2600 Ha.r.D
761 2566 803 2600 12
830 2568 866 2600 et
891 2576 960 2600 om.
991 2566 1023 2599 Φ
1114 2566 1159 2600 13
1182 2574 1300 2599 moses
1325 2563 1404 2599 HR
1497 2563 1540 2598 15
1566 2574 1606 2599 se
1629 2574 1698 2599 om.

176 2623 288 2659 RDB
409 2625 580 2669 quantae]
606 2626 740 2669 quanta
764 2623 800 2659 R
930 2624 973 2659 16
998 2623 1123 2659 iudicii
1150 2623 1244 2658 diem
1272 2624 1305 2657 Φ
1425 2625 1638 2668 quantarum
1667 2623 1701 2657 Φ

180 2684 218 2716 17
247 2694 266 2716 a
291 2693 317 2717 s.
345 2683 367 2716 l.
394 2682 437 2717 K
505 2683 575 2727 ipsi
602 2683 651 2727 ig.
676 2693 700 2727 ς
771 2694 885 2718 asum.
903 2682 947 2717 H
969 2693 1099 2717 assum.
1118 2682 1156 2717 R
1207 2682 1251 2717 18
1276 2682 1357 2727 ipsa
1384 2683 1416 2716 Φ
1487 2680 1647 2716 uerenda
1666 2682 1701 2716 Φ

176 2752 362 2785 operamus
392 2743 424 2775 Φ
505 2743 546 2776 19
575 2742 642 2777 alt.
668 2742 761 2777 oculi
790 2743 823 2776 Φ
901 2742 947 2777 20
972 2742 1227 2777 intranei-imus
1251 2741 1304 2784 B‚·
1331 2740 1418 2777 add.
1443 2741 1481 2775 in
1510 2739 1699 2775 HRJzDR

176 2800 221 2834 22
246 2800 369 2834 trahor
395 2801 468 2835 ΠΙ)
589 2801 634 2836 23
662 2800 719 2835 dei
745 2803 789 2843 (8.
815 2802 839 2836 l.
865 2802 941 2845 m2)
965 2802 1065 2846 pont.
1091 2801 1135 2836 K
1163 2831 1166 2833 Α
1274 2800 1340 2835 alt.
1366 2801 1404 2834 et
1427 2799 1514 2840 KR,
1540 2810 1607 2836 om.
1634 2803 1697 2834 cet.

178 2868 320 2902 gressus
347 2858 382 2893 R
480 2859 570 2904 eius]
596 2859 684 2893 add.
709 2862 816 2905 atque
842 2870 1026 2904 regressus
1051 2859 1212 2894 incessus
1236 2858 1274 2893 Β
