1884 3254
90 992 126 1020 10

86 1345 122 1374 15

681 217 890 263 Epistula
912 217 1062 252 XXXVI
1084 217 1179 252 4-6
1591 222 1678 263 273

152 350 194 391 in
228 349 270 391 id
300 349 442 404 ipsum
475 350 530 400 et,
570 347 642 402 qui
679 347 811 390 semel
842 347 1000 400 recepit
1031 347 1142 389 mala
1174 359 1252 389 sua
1282 347 1323 388 in
1355 347 1446 389 uita
1478 360 1567 399 sua,
1600 361 1680 390 non

153 419 325 462 eosdem
357 418 568 466 cruciatus
598 418 784 473 patietur
814 417 856 459 in
894 421 1042 469 morte,
1076 430 1182 472 quos
1221 419 1287 460 est
1324 430 1477 472 passus
1515 418 1557 460 in
1594 418 1681 462 uita

152 515 208 521 —
240 490 303 533 ita
333 492 376 532 et
404 489 585 532 Lamech
617 491 853 544 peccatum,
886 488 929 530 id
962 490 1027 532 est
1063 489 1198 531 totius
1235 489 1381 531 mundi
1421 491 1547 543 atque
1586 501 1678 531 san-

152 561 307 616 guinis,
346 561 418 615 qui
455 560 615 603 effusus
653 562 732 610 est,
772 559 931 602 Christi
969 561 1162 602 soluetur
1206 560 1403 611 aduentu,
1449 560 1522 615 qui
1563 560 1681 603 tollit

151 634 325 686 peccata
366 631 527 683 mundi,
572 630 645 686 qui
685 630 793 673 lauit
837 631 1040 678 amictum
1079 644 1205 673 suum
1241 631 1283 673 in
1322 631 1526 688 sanguine
1570 644 1678 674 uuae

151 706 194 746 et
235 702 420 745 torcular
462 702 644 744 calcauit
687 703 819 752 solus,
871 702 943 756 qui
986 702 1037 744 de
1080 702 1214 745 Edom
1259 703 1310 745 ad
1360 703 1523 745 caelum
1567 702 1678 744 rubi-

151 773 314 816 cundus
358 773 586 816 ascendens
631 773 911 815 clamantibus
957 773 1118 828 angelis
1162 773 1414 816 miraculum
1465 773 1678 827 praebuit:

149 845 319 886 lenate
351 846 536 898 portas,
569 844 840 898 principes,
873 846 1086 895 uestraS,
1121 846 1170 886 et
1201 843 1440 886 introibit
1470 856 1552 886 rex
1577 844 1678 898 glo-

148 915 251 956 riae
284 916 327 956 et
357 917 506 956 cetera.
531 914 738 956 referebat
768 914 874 956 mihi
905 915 1078 968 quidam
1103 915 1322 957 Hebraeus
1348 915 1391 956 in
1424 914 1678 969 apocrypho-

148 998 242 1027 rum
272 986 392 1029 libris
425 986 695 1040 septuaginta
726 988 767 1027 et
799 987 961 1040 septem
993 986 1153 1028 animas
1187 998 1234 1028 ex
1264 985 1448 1028 Lamech
1479 985 1678 1039 progenie

147 1056 363 1110 repperiri,
402 1069 508 1110 quae
552 1056 712 1098 diluuio
758 1056 922 1098 deletae
972 1056 1069 1106 sint,
1110 1058 1153 1098 et
1194 1056 1236 1098 in
1280 1056 1360 1098 hoc
1410 1067 1582 1097 numero
1627 1055 1678 1096 de

148 1127 329 1169 Lamech
368 1127 522 1169 factam
560 1139 652 1169 esse
690 1127 936 1178 uindictam,
970 1127 1083 1181 quod
1120 1139 1252 1182 genus
1291 1127 1426 1182 ipsius
1458 1139 1593 1180 usque
1626 1124 1675 1168 ad

149 1198 451 1252 cataclysmum
483 1197 775 1252 perseuerarit.

208 1269 246 1310 6.
266 1268 351 1310 Alii
376 1268 427 1310 de
452 1270 615 1322 septem
640 1268 842 1310 uindictis
865 1267 966 1310 Cain
987 1268 1104 1310 uaria
1131 1268 1401 1322 suspicantur
1427 1270 1470 1310 et
1493 1268 1676 1322 primum

147 1339 238 1381 eius
265 1339 464 1381 adserunt
487 1338 621 1381 fuisse
646 1341 880 1394 peccatum,
907 1339 1020 1394 quod
1045 1352 1126 1382 non
1151 1342 1264 1382 recte
1291 1339 1503 1389 diuiserit3
1531 1351 1677 1381 secun-

148 1410 261 1459 dum,
295 1410 406 1463 quod
436 1410 638 1452 inuiderit
660 1410 796 1464 fratri3
823 1410 1010 1462 tertium,
1039 1410 1151 1465 quod
1178 1410 1322 1452 dolose
1349 1411 1483 1466 egerit
1514 1410 1673 1453 dicens:

148 1482 461 1523 transeamus
493 1481 541 1523 in
582 1493 825 1535 campum3
861 1483 1072 1535 quartum,
1106 1481 1218 1535 quod
1248 1481 1525 1532 interfecerit3
1559 1481 1676 1535 quin-

146 1555 253 1603 tum,
294 1552 407 1606 quod
442 1553 678 1607 procaciter
715 1552 950 1608 negauerit:
991 1552 1183 1602 nescim
1222 1552 1463 1606 numquid
1501 1554 1675 1594 custos

266 1682 290 1714 4
315 1679 360 1715 cf.
384 1679 463 1715 Ioh.
491 1681 524 1724 1,
550 1679 595 1715 29
736 1680 757 1714 5
785 1679 829 1714 cf.
854 1679 954 1714 Esai.
979 1680 1036 1724 63,
1067 1680 1157 1715 1—3
1303 1679 1324 1714 8
1351 1679 1434 1714 *Ps.
1458 1679 1517 1724 23,
1544 1681 1563 1714 7
1592 1681 1628 1715 et
1653 1680 1674 1715 9

151 1738 192 1773 17
221 1738 329 1774 *Gen.
356 1738 390 1783 4,
416 1739 438 1773 8
514 1739 558 1774 18
583 1737 696 1774 *Gen.
720 1740 756 1782 4,
781 1739 802 1774 9
1641 1746 1644 1749 '

197 1810 211 1843 1
241 1809 279 1844 id
305 1820 373 1845 om.
398 1811 432 1844 Ω
526 1810 656 1855 recipit
678 1810 716 1844 B
806 1820 868 1854 pr.
894 1821 960 1844 sua
985 1820 1054 1846 om.
1073 1809 1186 1844 ADB
1264 1810 1286 1844 2
1306 1810 1376 1855 est]
1399 1816 1417 1845 e
1438 1812 1543 1855 (corr.
1565 1814 1619 1853 ee)
1641 1816 1674 1845 tn

146 1869 167 1903 3
196 1870 246 1914 et]
278 1872 314 1904 et
338 1869 375 1904 in
403 1875 528 1914 πυρίη
554 1868 589 1903 in
618 1875 722 1905 mac
819 1871 919 1904 totus
945 1868 985 1903 D
1081 1868 1198 1915 adque
1226 1875 1258 1906 tn
1285 1880 1398 1914 aquae
1424 1870 1572 1915 (atquae
1597 1871 1675 1914 ΜΒ)

145 1929 181 1963 Β
207 1931 244 1963 et
268 1929 302 1964 Ω
397 1929 419 1963 4
447 1930 502 1963 est
525 1939 552 1963 8.
581 1929 604 1964 l.
631 1939 651 1973 q
773 1927 856 1963 adu.
882 1928 971 1963 solu.
998 1927 1032 1963 Ω
1056 1928 1258 1963 solueretur
1283 1928 1366 1964 adu.
1392 1928 1469 1963 AD
1588 1929 1676 1964 tulit

142 1987 241 2033 vqu
314 1988 340 2024 5.
360 1989 547 2033 peecatum
571 1988 695 2025 mundi
719 1988 755 2022 B
780 1981 904 2023 mundi
928 1989 1078 2034 peccata
1101 2000 1126 2034 g
1197 1999 1300 2024 suum
1327 1988 1383 2023 bis
1407 1988 1489 2032 (alt.
1515 1989 1620 2032 eras.)
1641 1994 1673 2024 ln

145 2048 182 2082 in
209 2059 276 2083 om.
301 2059 326 2093 g
446 2047 467 2082 6
494 2047 560 2082 edo
585 2047 622 2082 B
646 2048 768 2092 (corr.)
879 2058 950 2083 asc.
976 2047 1022 2083 ad.
1048 2058 1076 2083 c.
1101 2048 1180 2083 rub.
1206 2048 1240 2083 Ω
1361 2048 1380 2082 7
1409 2050 1446 2083 et
1471 2047 1573 2082 clam.
1598 2047 1675 2082 AD

145 2108 166 2142 8
193 2108 332 2142 eleuate
357 2106 470 2142 ADB
564 2106 736 2152 principis
763 2106 854 2152 ῐυΩᾳ
950 2106 1064 2142 uestri
1087 2108 1121 2142 Ω
1216 2107 1384 2142 introiuit
1408 2106 1484 2141 AD
1556 2107 1577 2141 9
1603 2105 1674 2141 ref-

146 2167 287 2202 ferebat
311 2166 380 2202 ΩΒ
513 2166 643 2209 ebreus
664 2167 701 2201 B
839 2166 1077 2212 apocriforum
1102 2165 1251 2212 AqD‚B
1272 2166 1318 2212 (s.
1346 2167 1368 2202 l.
1397 2166 1484 2202 add.
1510 2167 1562 2210 se)
1588 2176 1673 2211 apo-

146 2225 330 2271 grifforum
357 2232 389 2261 m
417 2226 582 2271 apocrifis
609 2236 730 2260 eorum
757 2225 790 2260 Ω
887 2225 933 2261 10
958 2226 1194 2271 septuaginta
1219 2227 1357 2271 septem
1382 2226 1418 2260 A
1442 2224 1610 2265 LXXVII
1634 2224 1674 2260 D

149 2284 189 2319 11
218 2284 367 2329 reperiri
390 2284 427 2319 Β
452 2285 593 2330 repperi
618 2284 658 2319 D
744 2285 850 2330 quae]
878 2284 940 2330 qui
967 2295 987 2331 q
1074 2286 1112 2319 et
1137 2295 1204 2320 om.
1233 2291 1265 2320 m
1351 2284 1418 2320 hec
1444 2290 1477 2321 m
1529 2284 1572 2320 12
1599 2284 1672 2319 fac-

146 2346 223 2378 tum
249 2344 288 2378 D
396 2345 492 2379 esset
517 2350 550 2380 m
661 2344 769 2390 quod]
798 2355 867 2390 que
894 2351 926 2380 m
1022 2344 1064 2379 13
1092 2344 1349 2390 cataclysmum
1376 2355 1491 2390 aquae
1517 2345 1550 2379 Ω
1575 2345 1674 2378 cata-

148 2403 310 2438 clismum
337 2406 400 2438 cet.
495 2403 739 2448 perseuerarit
763 2404 796 2439 Ω
821 2403 975 2438 -rauerit
1001 2407 1064 2439 cet.
1164 2404 1208 2439 14
1235 2403 1312 2449 alii]
1334 2402 1379 2438 de
1403 2403 1475 2438 VH
1500 2402 1671 2438 uindictis

147 2472 235 2507 cayn
261 2462 350 2496 item
375 2461 447 2496 alia
473 2454 649 2507 expositio
675 2462 754 2497 iuta
780 2462 862 2506 (sie)
889 2462 1112 2508 quorundam
1138 2462 1344 2507 opinionem
1373 2461 1436 2496 alii
1454 2462 1491 2496 B
1510 2461 1551 2496 ·1·
1571 2462 1611 2505 (s.
1633 2461 1671 2503 l.)

147 2521 205 2555 alii
236 2527 268 2557 m
366 2520 547 2556 uindictas
572 2520 745 2556 Aa.c.m2
840 2522 920 2556 uria
944 2521 1053 2558 Da.c.
1079 2522 1200 2558 uarias
1226 2522 1257 2566 (s
1283 2521 1391 2567 eras.)
1411 2522 1447 2556 A
1545 2523 1581 2555 et
1605 2531 1672 2554 om.

143 2579 222 2618 AD
274 2580 315 2615 15
344 2580 454 2626 quod]
482 2591 551 2625 que
570 2586 603 2616 m
677 2580 726 2615 II·
753 2581 930 2616 secundus
951 2587 984 2617 m
1006 2580 1182 2616 secundus
1202 2591 1222 2626 q
1276 2581 1318 2616 16
1333 2592 1393 2626 pr.
1415 2580 1522 2626 quod]
1551 2591 1618 2624 que
1638 2584 1670 2614 m

145 2638 249 2673 fratri
275 2650 338 2673 suo
364 2649 388 2683 g
482 2638 549 2674 III·
576 2639 728 2674 tercium
757 2645 789 2675 m
896 2640 961 2675 alt.
991 2639 1097 2685 quod]
1126 2651 1193 2686 que
1221 2647 1253 2676 m
1353 2639 1480 2684 egerit]
1508 2638 1613 2673 aierit
1639 2644 1670 2673 m

149 2698 190 2732 17
218 2697 302 2732 IIII·
330 2699 496 2742 quartum
524 2703 557 2733 m
674 2698 784 2743 quod]
813 2709 882 2743 que
909 2705 942 2734 m
1063 2698 1277 2734 interficerit
1301 2698 1470 2733 Aa.c.m2
1494 2696 1671 2731 interfice-

148 2755 237 2790 cerit
262 2756 342 2799 (alt.
370 2767 408 2791 ce
434 2757 544 2801 eras.)
570 2762 617 2792 m.
723 2757 766 2791 V·
794 2758 959 2802 quintum
987 2764 1019 2794 m
1139 2758 1181 2792 18
1208 2757 1319 2802 quod]
1349 2757 1410 2801 qui
1438 2763 1469 2793 m
1590 2765 1671 2800 neg.

149 2813 270 2849 (licens
295 2825 319 2859 g
413 2806 706 2860 numquid—mei
732 2827 800 2853 om.
827 2818 861 2851 Ω
957 2819 1078 2852 custus
1106 2823 1138 2852 tn

184 2896 264 2923 mv.
286 2895 411 2923 Hieron.
433 2896 533 2931 Epist.
554 2897 578 2923 1.
1582 2884 1625 2919 18
