1884 3254
225 297 311 339 262
766 292 918 328 Sancti
942 291 1196 338 Hieronymi

226 424 336 479 quod
385 422 584 465 uidelicet
631 422 843 475 apostolos
890 421 965 463 illo
1015 420 1180 461 nomine
1228 419 1442 472 putauerit
1490 419 1738 474 appellatos,

226 494 378 547 quibus
404 494 444 535 in
472 491 702 546 euangeliis
729 490 787 533 sit
810 492 1092 546 praeceptum,
1118 489 1159 531 in
1187 501 1495 543 quamcumque
1521 489 1738 532 ciuitatem

224 563 461 605 introierint
497 564 539 604 et
575 573 654 604 non
693 560 848 602 fuerint
884 560 1055 614 recepti,
1094 560 1286 601 excutere
1322 560 1540 613 puluerem
1584 559 1737 614 pedum

226 645 395 676 suorum
426 633 467 674 in
499 631 788 674 testimonium
821 642 901 672 non
934 629 1206 682 credentium,
1238 629 1340 672 licet
1368 632 1416 671 tu
1447 632 1594 686 argute
1625 642 1740 684 prae-

225 703 385 745 caueris
417 714 496 744 non
529 713 654 756 posse
686 700 899 755 apostolos
933 700 1010 741 sub
1042 693 1209 741 nomine
1242 712 1510 742 excussorum
1535 700 1740 756 intellegi,

225 785 318 814 cum
346 772 460 814 aliud
485 771 542 813 sit
567 770 881 820 excutientium,
908 769 1023 811 aliud
1049 781 1334 821 excussorum,
1361 770 1459 824 quia
1483 771 1741 813 excutientes

224 844 320 892 sint,
353 842 424 896 qui
454 842 679 891 excutiant,
710 839 876 882 excussi
906 852 1006 882 uero
1034 840 1084 881 ab
1113 839 1206 883 aliis
1232 839 1509 892 excutiantur,
1535 843 1577 883 et
1599 841 1742 891 incon÷

223 925 374 967 gruum
407 924 499 954 esse
532 923 730 954 excussos
769 910 984 964 apostolos
1022 909 1168 964 accipi,
1202 910 1274 964 qui
1308 910 1445 965 magis
1483 910 1742 954 excutientes

225 983 444 1025 debuerint
474 982 685 1037 appellari.
717 981 815 1035 quid
848 980 980 1035 igitur
1010 980 1191 1023 faciam?
1222 982 1385 1023 tantum
1418 981 1557 1023 uirum
1583 983 1625 1024 et
1649 982 1740 1024 suis

223 1053 481 1107 temporibus
531 1051 859 1094 disertissimum
907 1050 1206 1104 reprehendere
1255 1064 1335 1094 non
1385 1051 1532 1102 audeo,
1583 1051 1654 1106 qui
1699 1054 1741 1094 et

224 1122 498 1164 confessionis
530 1134 630 1163 suae
662 1121 810 1163 merito
843 1123 885 1163 et
916 1121 1029 1163 uitae
1059 1121 1268 1164 industria
1298 1123 1341 1164 et
1370 1122 1634 1175 eloquentiae
1660 1122 1742 1164 cla-

223 1193 358 1243 ritate,
385 1192 640 1246 ubicumque
665 1192 899 1234 Romanum
931 1204 1082 1234 nomen
1114 1194 1190 1243 est,
1214 1192 1495 1246 praedicatur;
1522 1193 1604 1235 nisi
1629 1194 1741 1247 quod

223 1276 301 1305 non
322 1263 412 1304 eius
434 1263 581 1316 culpae
607 1261 926 1304 adscribendum
948 1264 1024 1314 est,
1043 1261 1115 1316 qui
1134 1261 1314 1304 Hebraei
1340 1263 1544 1305 sermonis
1568 1263 1740 1319 ignarus

223 1334 315 1384 fuit,
350 1333 601 1376 Graecarum
636 1345 800 1387 quoque
831 1332 1067 1374 litterarum
1100 1333 1306 1386 quandam
1339 1334 1529 1384 aurulam
1561 1337 1740 1389 ceperat,

223 1404 297 1446 sed
331 1403 549 1445 Heliodori
585 1403 831 1457 presbyteri,
870 1415 950 1456 quo
987 1403 1060 1445 ille
1096 1403 1358 1446 familiariter
1391 1417 1496 1447 usus
1536 1417 1597 1456 ea,
1635 1418 1740 1460 quae

222 1475 464 1529 intellegere
507 1486 586 1516 non
629 1476 806 1529 poterat,
851 1472 1080 1528 quomodo
1105 1474 1156 1516 ab
1201 1473 1380 1529 Origene
1424 1478 1567 1517 essent
1614 1475 1740 1527 dicta,

224 1546 459 1599 quaerebat.
499 1545 584 1598 qui,
624 1545 722 1599 quia
756 1545 797 1586 in
836 1545 916 1598 hoc
959 1545 1122 1599 psalmo
1161 1545 1509 1588 commentarium
1548 1545 1742 1602 Origenis

223 1616 410 1658 inuenire
448 1628 527 1658 non
565 1615 717 1670 potuit,
757 1616 993 1670 opinionem
1031 1616 1167 1672 magis
1204 1616 1416 1659 insinuare
1457 1629 1577 1659 suam
1616 1618 1740 1672 quam

224 1686 483 1728 inscientiam
511 1687 651 1729 uoluit
676 1686 875 1738 confiteri,
902 1699 1026 1741 quam
1058 1687 1131 1729 ille
1164 1689 1377 1741 sumptam
1409 1688 1520 1730 claro
1552 1701 1741 1731 sermone

224 1757 422 1798 disseruit
454 1759 496 1798 et
527 1757 709 1799 alienum
742 1770 921 1800 errorem
954 1757 1153 1799 disertius
1186 1759 1408 1800 exsecutus
1441 1760 1516 1801 est

283 1829 320 1870 4,
345 1828 494 1870 Restat
522 1828 667 1883 igitur,
694 1831 742 1870 ut
772 1841 938 1870 rursum
972 1828 1023 1870 ad
1053 1828 1210 1870 fontem
1244 1828 1447 1871 sermonis
1478 1841 1739 1871 recurramus

223 1898 401 1940 Hebraei
433 1900 476 1940 et
502 1898 732 1951 uideamus,
759 1899 969 1953 quomodo
996 1899 1199 1953 scriptum
1226 1900 1294 1941 sit.
1326 1899 1399 1941 ubi
1431 1912 1505 1942 nos
1537 1899 1739 1942 habemus

225 1968 297 2010 sic
329 1968 432 2010 filii
464 1982 798 2022 excussorum,
822 1970 883 2012 ibi
913 1970 1071 2024 legitur
1100 1968 1217 2012 ‘chen
1250 1971 1330 2012 bne
1362 1969 1603 2021 annaurim’,
1629 1971 1740 2025 quod

222 2039 377 2093 Aquila
406 2039 704 2093 interpretatus
738 2043 819 2082 est*
841 2040 912 2083 sic
951 2040 1054 2082 filii
1089 2040 1424 2095 pubertatum,
1463 2040 1740 2096 Symmachus

340 2211 361 2245 2
389 2211 432 2247 cf.
458 2212 588 2248 Matth.
616 2214 671 2259 10,
698 2214 743 2248 14
770 2216 837 2249 etc.
911 2214 958 2250 23
983 2213 1064 2250 *Ps.
1093 2214 1172 2256 126,
1197 2216 1221 2250 4

273 2338 288 2371 1
317 2338 455 2373 scilicet
477 2350 502 2383 ς
561 2340 582 2374 2
609 2350 830 2386 quacumque
854 2341 889 2376 A
975 2341 1163 2376 ciuitatum
1188 2342 1290 2387 Apae.
1351 2343 1373 2377 3
1399 2343 1547 2388 puluere
1571 2343 1743 2380 Aa.c.m2

222 2395 244 2430 5
270 2406 475 2431 excusorum
500 2398 707 2434 ADa.c.m2
802 2399 823 2434 6
849 2400 898 2434 sit
922 2399 1021 2435 aliud
1043 2411 1068 2445 g
1166 2411 1227 2446 pr.
1254 2401 1346 2436 alius
1370 2402 1541 2438 Aa.c.m2
1635 2413 1738 2438 excu-

223 2465 339 2489 sorum
366 2455 401 2489 A
474 2456 493 2489 7
521 2459 604 2491 sunt
626 2468 650 2501 g
745 2469 828 2493 uero
855 2459 916 2503 qui
939 2470 965 2503 ς
1058 2470 1253 2505 congruum
1276 2460 1380 2495 Bae.
1452 2460 1475 2495 8
1501 2461 1684 2506 apostolus
1702 2463 1737 2496 A

224 2514 344 2558 accepi
368 2514 408 2548 D
433 2515 571 2560 accepit
595 2517 763 2551 Aa.c.m2
817 2518 838 2552 9
862 2520 973 2563 temp.
998 2518 1073 2553 suis
1096 2530 1122 2563 g
1177 2519 1221 2554 10
1246 2518 1539 2555 dissertissimum
1565 2519 1620 2564 (Π
1631 2524 1736 2564 corr.)

219 2571 325 2606 codd.
377 2573 417 2607 11
446 2574 511 2609 alt.
539 2576 575 2608 et
599 2584 665 2608 om.
686 2575 722 2609 Β
771 2576 816 2610 14
841 2576 1000 2610 aurulam
1018 2576 1054 2610 B
1078 2587 1199 2612 auram
1225 2581 1287 2612 cet.
1360 2581 1527 2623 caeperat
1550 2579 1586 2612 A
1611 2589 1737 2624 coepe·

222 2631 278 2663 rat
303 2630 404 2675 Hp.c.
503 2631 546 2666 15
571 2631 748 2667 heliodori
772 2634 808 2668 Β
834 2633 984 2669 eliodori
1008 2638 1071 2670 cet.
1187 2635 1282 2681 quod
1308 2637 1413 2674 Aax.
1527 2647 1611 2671 usus
1637 2640 1693 2672 est
1714 2648 1741 2682 ς

226 2687 268 2722 16
294 2688 431 2733 origine
456 2690 726 2734 Aa.c.m2,D,B
751 2691 870 2739 (corr.)
991 2694 1034 2728 17
1061 2695 1122 2739 qui
1146 2705 1216 2730 om.
1240 2695 1275 2729 A
1395 2695 1545 2741 originis
1570 2698 1739 2732 Aac-,212

226 2747 268 2781 18
293 2748 484 2793 oppinione
509 2750 715 2794 (oppinione
740 2753 816 2795 m2)
841 2753 874 2785 A
954 2764 1056 2788 suum
1082 2755 1250 2790 Aa.c.m2
1311 2755 1353 2789 19
1378 2755 1558 2790 inscitiam
1583 2755 1737 2800 B‚11p.r.

223 2805 267 2840 20
295 2805 480 2842 dissertius
505 2807 666 2852 ADJIB
693 2810 814 2854 (corr.)
912 2814 1098 2847 exsecutus
1122 2813 1160 2847 Β
1184 2815 1372 2849 excusatus
1399 2818 1460 2849 cet.
1555 2814 1603 2849 23
1626 2814 1677 2850 sic
1702 2814 1738 2848 B

224 2863 316 2899 sicut
342 2869 403 2900 cet.
502 2866 587 2901 chen
613 2866 649 2901 B
675 2878 736 2902 cen
763 2871 826 2903 cet.
922 2869 1005 2915 bue]
1033 2870 1079 2905 bn
1107 2871 1147 2907 11
1214 2872 1260 2907 24
1284 2872 1336 2907 sic
1359 2872 1396 2907 B
1421 2872 1514 2908 sicut
1539 2876 1600 2909 cet.

1776 712 1798 742 5

1765 1063 1801 1094 10

1766 1418 1801 1447 15

1763 1770 1801 1798 Ἀ)
