<?xml version="1.0" encoding="UTF-8"?>
<!DOCTYPE html PUBLIC "-//W3C//DTD XHTML 1.0 Transitional//EN"
    "http://www.w3.org/TR/xhtml1/DTD/xhtml1-transitional.dtd">
<html xmlns="http://www.w3.org/1999/xhtml" xml:lang="en" lang="en">
 <head>
  <title>
</title>
<meta http-equiv="Content-Type" content="text/html;charset=utf-8" />
  <meta name='ocr-system' content='tesseract 3.04.00' />
  <meta name='ocr-capabilities' content='ocr_page ocr_carea ocr_par ocr_line ocrx_word'/>
</head>
<body>
  <div class='ocr_page' id='page_1' title='image "./corpusscriptorum54stuoft_0659.png"; bbox 0 0 1884 3254; ppageno 0'>
   <div class='ocr_carea' id='block_1_1' title="bbox 6 1416 126 1457">
    <p class='ocr_par' dir='ltr' id='par_1_1' title="bbox 6 1416 126 1457">
     <span class='ocr_line' id='line_1_1' title="bbox 6 1416 126 1457; baseline 0.008 -1"><span class='ocrx_word' id='word_1_1' title='bbox 6 1416 126 1457; x_wconf 69' lang='lat'>315</span> 
     </span>
    </p>
   </div>
   <div class='ocr_carea' id='block_1_2' title="bbox 0 1624 56 3254">
    <p class='ocr_par' dir='ltr' id='par_1_2' title="bbox 0 1624 56 3254">
     <span class='ocr_line' id='line_1_2' title="bbox 0 1624 56 3254; baseline 0 0"><span class='ocrx_word' id='word_1_2' title='bbox 0 1624 56 3254; x_wconf 95' lang='lat' dir='ltr'> </span> 
     </span>
    </p>
   </div>
   <div class='ocr_carea' id='block_1_3' title="bbox 11 1784 126 1823">
    <p class='ocr_par' dir='ltr' id='par_1_3' title="bbox 11 1784 126 1823">
     <span class='ocr_line' id='line_1_3' title="bbox 11 1784 126 1823; baseline 0 -11"><span class='ocrx_word' id='word_1_3' title='bbox 11 1784 126 1823; x_wconf 52' lang='grc' dir='ltr'>ὲ’.ιο</span> 
     </span>
    </p>
   </div>
   <div class='ocr_carea' id='block_1_4' title="bbox 661 290 1672 337">
    <p class='ocr_par' dir='ltr' id='par_1_4' title="bbox 661 290 1672 337">
     <span class='ocr_line' id='line_1_4' title="bbox 661 290 1672 337; baseline -0.002 -11"><span class='ocrx_word' id='word_1_4' title='bbox 661 290 874 337; x_wconf 78' lang='lat' dir='ltr'>Epistula</span> <span class='ocrx_word' id='word_1_5' title='bbox 898 291 992 326; x_wconf 86' lang='lat' dir='ltr'>LXV</span> <span class='ocrx_word' id='word_1_6' title='bbox 1018 290 1158 327; x_wconf 79' lang='lat'>20-22</span> <span class='ocrx_word' id='word_1_7' title='bbox 1589 294 1672 335; x_wconf 72' lang='grc'>(54.5</span> 
     </span>
    </p>
   </div>
   <div class='ocr_carea' id='block_1_5' title="bbox 147 419 1733 1607">
    <p class='ocr_par' dir='ltr' id='par_1_5' title="bbox 147 419 1733 1607">
     <span class='ocr_line' id='line_1_5' title="bbox 148 419 1675 475; baseline -0.001 -12"><span class='ocrx_word' id='word_1_8' title='bbox 148 422 211 463; x_wconf 87' lang='lat' dir='ltr'>sin</span> <span class='ocrx_word' id='word_1_9' title='bbox 259 423 399 463; x_wconf 87' lang='lat' dir='ltr'>autem</span> <span class='ocrx_word' id='word_1_10' title='bbox 443 422 581 475; x_wconf 87' lang='lat' dir='ltr'>patres</span> <span class='ocrx_word' id='word_1_11' title='bbox 626 420 829 463; x_wconf 88' lang='lat' dir='ltr'>ecclesiae</span> <span class='ocrx_word' id='word_1_12' title='bbox 873 420 1160 475; x_wconf 75' lang='lat' dir='ltr'>intellegimus</span> <span class='ocrx_word' id='word_1_13' title='bbox 1202 419 1427 471; x_wconf 85' lang='lat' dir='ltr'>Abraham,</span> <span class='ocrx_word' id='word_1_14' title='bbox 1471 421 1590 472; x_wconf 86' lang='lat' dir='ltr'>Isaac</span> <span class='ocrx_word' id='word_1_15' title='bbox 1634 424 1675 462; x_wconf 87' lang='lat' dir='ltr'>et</span> 
     </span>
     <span class='ocr_line' id='line_1_6' title="bbox 147 490 1675 544; baseline -0.001 -11"><span class='ocrx_word' id='word_1_16' title='bbox 147 491 272 533; x_wconf 81' lang='lat' dir='ltr'>Iacob</span> <span class='ocrx_word' id='word_1_17' title='bbox 313 493 356 532; x_wconf 88' lang='lat' dir='ltr'>et</span> <span class='ocrx_word' id='word_1_18' title='bbox 384 490 570 544; x_wconf 84' lang='lat' dir='ltr'>reliquos</span> <span class='ocrx_word' id='word_1_19' title='bbox 602 490 874 544; x_wconf 80' lang='lat' dir='ltr'>patriarchas,</span> <span class='ocrx_word' id='word_1_20' title='bbox 912 490 1036 542; x_wconf 81' lang='lat' dir='ltr'>filios,</span> <span class='ocrx_word' id='word_1_21' title='bbox 1075 490 1147 543; x_wconf 89' lang='lat' dir='ltr'>qui</span> <span class='ocrx_word' id='word_1_22' title='bbox 1178 490 1216 532; x_wconf 89' lang='lat' dir='ltr'>ei</span> <span class='ocrx_word' id='word_1_23' title='bbox 1247 490 1288 532; x_wconf 90' lang='lat' dir='ltr'>in</span> <span class='ocrx_word' id='word_1_24' title='bbox 1321 491 1488 544; x_wconf 89' lang='lat' dir='ltr'>patrum</span> <span class='ocrx_word' id='word_1_25' title='bbox 1519 490 1675 533; x_wconf 86' lang='lat' dir='ltr'>honore</span> 
     </span>
     <span class='ocr_line' id='line_1_7' title="bbox 149 550 1674 620; baseline -0.001 -17"><span class='ocrx_word' id='word_1_26' title='bbox 149 564 248 604; x_wconf 89' lang='lat' dir='ltr'>sunt</span> <span class='ocrx_word' id='word_1_27' title='bbox 285 561 386 612; x_wconf 85' lang='lat' dir='ltr'>nati,</span> <span class='ocrx_word' id='word_1_28' title='bbox 431 560 648 620; x_wconf 84' lang='lat' dir='ltr'>apostolos</span> <span class='ocrx_word' id='word_1_29' title='bbox 685 550 998 615; x_wconf 70' lang='lat' dir='ltr'>intellegamus,</span> <span class='ocrx_word' id='word_1_30' title='bbox 1043 561 1115 614; x_wconf 89' lang='lat' dir='ltr'>qui</span> <span class='ocrx_word' id='word_1_31' title='bbox 1151 561 1271 603; x_wconf 86' lang='lat' dir='ltr'>missi</span> <span class='ocrx_word' id='word_1_32' title='bbox 1310 562 1411 603; x_wconf 88' lang='lat' dir='ltr'>sunt</span> <span class='ocrx_word' id='word_1_33' title='bbox 1447 573 1469 602; x_wconf 82' lang='lat' dir='ltr'>a</span> <span class='ocrx_word' id='word_1_34' title='bbox 1508 560 1674 603; x_wconf 88' lang='lat' dir='ltr'>domino</span> 
     </span>
     <span class='ocr_line' id='line_1_8' title="bbox 147 631 1674 690; baseline 0 -16"><span class='ocrx_word' id='word_1_35' title='bbox 147 632 388 686; x_wconf 85' lang='lat' dir='ltr'>praedicare</span> <span class='ocrx_word' id='word_1_36' title='bbox 424 643 560 685; x_wconf 90' lang='lat' dir='ltr'>usque</span> <span class='ocrx_word' id='word_1_37' title='bbox 599 631 651 673; x_wconf 88' lang='lat' dir='ltr'>ad</span> <span class='ocrx_word' id='word_1_38' title='bbox 689 633 920 673; x_wconf 84' lang='lat' dir='ltr'>extremum</span> <span class='ocrx_word' id='word_1_39' title='bbox 957 633 1090 690; x_wconf 81' lang='lat' dir='ltr'>terrae</span> <span class='ocrx_word' id='word_1_40' title='bbox 1129 634 1171 673; x_wconf 89' lang='lat' dir='ltr'>et</span> <span class='ocrx_word' id='word_1_41' title='bbox 1206 631 1418 685; x_wconf 87' lang='lat' dir='ltr'>baptizare</span> <span class='ocrx_word' id='word_1_42' title='bbox 1458 631 1674 674; x_wconf 86' lang='lat' dir='ltr'>credentes</span> 
     </span>
     <span class='ocr_line' id='line_1_9' title="bbox 149 701 1676 757; baseline 0 -13"><span class='ocrx_word' id='word_1_43' title='bbox 149 704 190 744; x_wconf 89' lang='lat' dir='ltr'>in</span> <span class='ocrx_word' id='word_1_44' title='bbox 224 703 390 745; x_wconf 92' lang='lat' dir='ltr'>nomine</span> <span class='ocrx_word' id='word_1_45' title='bbox 422 701 636 744; x_wconf 77' lang='lat' dir='ltr'>trinitatis.</span> <span class='ocrx_word' id='word_1_46' title='bbox 674 701 749 744; x_wconf 88' lang='lat' dir='ltr'>sed</span> <span class='ocrx_word' id='word_1_47' title='bbox 780 702 1007 755; x_wconf 87' lang='lat' dir='ltr'>quaeritur,</span> <span class='ocrx_word' id='word_1_48' title='bbox 1046 702 1255 756; x_wconf 89' lang='lat' dir='ltr'>quomodo</span> <span class='ocrx_word' id='word_1_49' title='bbox 1288 703 1464 745; x_wconf 87' lang='lat' dir='ltr'>ecclesia</span> <span class='ocrx_word' id='word_1_50' title='bbox 1497 702 1547 745; x_wconf 90' lang='lat' dir='ltr'>de</span> <span class='ocrx_word' id='word_1_51' title='bbox 1579 715 1676 757; x_wconf 89' lang='lat' dir='ltr'>gen-</span> 
     </span>
     <span class='ocr_line' id='line_1_10' title="bbox 148 771 1675 827; baseline -0.001 -12"><span class='ocrx_word' id='word_1_52' title='bbox 148 773 262 815; x_wconf 85' lang='lat' dir='ltr'>tibus</span> <span class='ocrx_word' id='word_1_53' title='bbox 299 774 440 827; x_wconf 87' lang='lat' dir='ltr'>patres</span> <span class='ocrx_word' id='word_1_54' title='bbox 478 771 631 814; x_wconf 87' lang='lat' dir='ltr'>habere</span> <span class='ocrx_word' id='word_1_55' title='bbox 669 772 807 826; x_wconf 87' lang='lat' dir='ltr'>possit</span> <span class='ocrx_word' id='word_1_56' title='bbox 836 773 1062 822; x_wconf 88' lang='lat' dir='ltr'>Abraham,</span> <span class='ocrx_word' id='word_1_57' title='bbox 1098 773 1216 815; x_wconf 84' lang='lat' dir='ltr'>Isaac</span> <span class='ocrx_word' id='word_1_58' title='bbox 1256 775 1299 815; x_wconf 91' lang='lat' dir='ltr'>et</span> <span class='ocrx_word' id='word_1_59' title='bbox 1328 773 1467 823; x_wconf 87' lang='lat' dir='ltr'>Iacob,</span> <span class='ocrx_word' id='word_1_60' title='bbox 1508 786 1604 816; x_wconf 90' lang='lat' dir='ltr'>cum</span> <span class='ocrx_word' id='word_1_61' title='bbox 1638 773 1675 815; x_wconf 88' lang='lat' dir='ltr'>ei</span> 
     </span>
     <span class='ocr_line' id='line_1_11' title="bbox 149 843 1675 898; baseline -0.001 -12"><span class='ocrx_word' id='word_1_62' title='bbox 149 856 274 898; x_wconf 87' lang='lat' dir='ltr'>supra</span> <span class='ocrx_word' id='word_1_63' title='bbox 294 843 455 886; x_wconf 88' lang='lat' dir='ltr'>dictum</span> <span class='ocrx_word' id='word_1_64' title='bbox 476 843 550 886; x_wconf 88' lang='lat' dir='ltr'>sit:</span> <span class='ocrx_word' id='word_1_65' title='bbox 577 843 914 886; x_wconf 87' lang='lat' dir='ltr'>obliuiscere</span> <span class='ocrx_word' id='word_1_66' title='bbox 939 843 1194 898; x_wconf 90' lang='lat' dir='ltr'>populum</span> <span class='ocrx_word' id='word_1_67' title='bbox 1221 845 1371 886; x_wconf 90' lang='lat' dir='ltr'>tuum</span> <span class='ocrx_word' id='word_1_68' title='bbox 1401 846 1449 886; x_wconf 89' lang='lat' dir='ltr'>et</span> <span class='ocrx_word' id='word_1_69' title='bbox 1469 844 1675 887; x_wconf 89' lang='lat' dir='ltr'>domum</span> 
     </span>
     <span class='ocr_line' id='line_1_12' title="bbox 147 914 1675 969; baseline -0.001 -13"><span class='ocrx_word' id='word_1_70' title='bbox 147 914 322 968; x_wconf 83' lang='lat' dir='ltr'>patris</span> <span class='ocrx_word' id='word_1_71' title='bbox 355 914 450 956; x_wconf 86' lang='lat' dir='ltr'>tui.</span> <span class='ocrx_word' id='word_1_72' title='bbox 483 915 674 969; x_wconf 87' lang='lat' dir='ltr'>legamus</span> <span class='ocrx_word' id='word_1_73' title='bbox 708 914 996 969; x_wconf 84' lang='lat' dir='ltr'>euangelium:</span> <span class='ocrx_word' id='word_1_74' title='bbox 1030 915 1202 957; x_wconf 88' lang='lat' dir='ltr'>nolite</span> <span class='ocrx_word' id='word_1_75' title='bbox 1236 914 1439 957; x_wconf 83' lang='lat' dir='ltr'>dicere:</span> <span class='ocrx_word' id='word_1_76' title='bbox 1473 919 1675 968; x_wconf 85' lang='lat' dir='ltr'>patrem</span> 
     </span>
     <span class='ocr_line' id='line_1_13' title="bbox 147 985 1675 1040; baseline -0.001 -13"><span class='ocrx_word' id='word_1_77' title='bbox 147 985 407 1027; x_wconf 88' lang='lat' dir='ltr'>habemus</span> <span class='ocrx_word' id='word_1_78' title='bbox 446 985 729 1036; x_wconf 84' lang='lat' dir='ltr'>Abraham3</span> <span class='ocrx_word' id='word_1_79' title='bbox 772 988 966 1040; x_wconf 88' lang='lat' dir='ltr'>potens</span> <span class='ocrx_word' id='word_1_80' title='bbox 1005 988 1088 1028; x_wconf 85' lang='lat' dir='ltr'>est</span> <span class='ocrx_word' id='word_1_81' title='bbox 1126 986 1254 1028; x_wconf 89' lang='lat' dir='ltr'>deus</span> <span class='ocrx_word' id='word_1_82' title='bbox 1293 985 1352 1027; x_wconf 90' lang='lat' dir='ltr'>de</span> <span class='ocrx_word' id='word_1_83' title='bbox 1389 985 1675 1038; x_wconf 85' lang='lat' dir='ltr'>lapidibus</span> 
     </span>
     <span class='ocr_line' id='line_1_14' title="bbox 149 1055 1676 1112; baseline -0.001 -14"><span class='ocrx_word' id='word_1_84' title='bbox 149 1056 270 1099; x_wconf 87' lang='lat' dir='ltr'>istis</span> <span class='ocrx_word' id='word_1_85' title='bbox 292 1082 348 1086; x_wconf 96' lang='lat'><strong>—</strong></span> <span class='ocrx_word' id='word_1_86' title='bbox 369 1056 448 1099; x_wconf 91' lang='lat' dir='ltr'>hoc</span> <span class='ocrx_word' id='word_1_87' title='bbox 469 1058 552 1099; x_wconf 85' lang='lat' dir='ltr'>est:</span> <span class='ocrx_word' id='word_1_88' title='bbox 574 1056 624 1099; x_wconf 88' lang='lat' dir='ltr'>de</span> <span class='ocrx_word' id='word_1_89' title='bbox 646 1057 748 1099; x_wconf 90' lang='lat' dir='ltr'>duro</span> <span class='ocrx_word' id='word_1_90' title='bbox 777 1056 899 1099; x_wconf 89' lang='lat' dir='ltr'>corde</span> <span class='ocrx_word' id='word_1_91' title='bbox 927 1056 1147 1112; x_wconf 86' lang='lat' dir='ltr'>gentilium</span> <span class='ocrx_word' id='word_1_92' title='bbox 1167 1082 1224 1086; x_wconf 97' lang='lat'><strong>—</strong></span> <span class='ocrx_word' id='word_1_93' title='bbox 1246 1056 1500 1098; x_wconf 86' lang='lat' dir='ltr'>suscitare</span> <span class='ocrx_word' id='word_1_94' title='bbox 1533 1055 1676 1097; x_wconf 85' lang='lat' dir='ltr'>filios</span> 
     </span>
     <span class='ocr_line' id='line_1_15' title="bbox 148 1126 1675 1177; baseline -0.001 -8"><span class='ocrx_word' id='word_1_95' title='bbox 148 1127 408 1177; x_wconf 88' lang='lat' dir='ltr'>Abrahae,</span> <span class='ocrx_word' id='word_1_96' title='bbox 460 1128 502 1168; x_wconf 86' lang='lat' dir='ltr'>et</span> <span class='ocrx_word' id='word_1_97' title='bbox 544 1126 585 1168; x_wconf 94' lang='lat' dir='ltr'>in</span> <span class='ocrx_word' id='word_1_98' title='bbox 630 1126 712 1169; x_wconf 91' lang='lat' dir='ltr'>alio</span> <span class='ocrx_word' id='word_1_99' title='bbox 754 1127 867 1169; x_wconf 88' lang='lat' dir='ltr'>loco:</span> <span class='ocrx_word' id='word_1_100' title='bbox 920 1127 964 1169; x_wconf 89' lang='lat' dir='ltr'>si</span> <span class='ocrx_word' id='word_1_101' title='bbox 1014 1126 1128 1168; x_wconf 88' lang='lat' dir='ltr'>filii</span> <span class='ocrx_word' id='word_1_102' title='bbox 1173 1126 1375 1168; x_wconf 88' lang='lat' dir='ltr'>essetis</span> <span class='ocrx_word' id='word_1_103' title='bbox 1419 1126 1675 1177; x_wconf 82' lang='lat' dir='ltr'>Abrahae,</span> 
     </span>
     <span class='ocr_line' id='line_1_16' title="bbox 150 1196 1676 1252; baseline -0.001 -13"><span class='ocrx_word' id='word_1_104' title='bbox 150 1210 307 1252; x_wconf 87' lang='lat' dir='ltr'>opera</span> <span class='ocrx_word' id='word_1_105' title='bbox 332 1197 578 1240; x_wconf 85' lang='lat' dir='ltr'>Abrahae</span> <span class='ocrx_word' id='word_1_106' title='bbox 603 1197 880 1240; x_wconf 84' lang='lat' dir='ltr'>faceretis.</span> <span class='ocrx_word' id='word_1_107' title='bbox 909 1197 1018 1239; x_wconf 89' lang='lat' dir='ltr'>etin</span> <span class='ocrx_word' id='word_1_108' title='bbox 1047 1196 1202 1240; x_wconf 83' lang='lat' dir='ltr'>Genesi</span> <span class='ocrx_word' id='word_1_109' title='bbox 1228 1197 1279 1239; x_wconf 84' lang='lat' dir='ltr'>ad</span> <span class='ocrx_word' id='word_1_110' title='bbox 1304 1197 1446 1251; x_wconf 87' lang='lat' dir='ltr'>ipsum</span> <span class='ocrx_word' id='word_1_111' title='bbox 1465 1196 1676 1239; x_wconf 87' lang='lat' dir='ltr'>Abraham</span> 
     </span>
     <span class='ocr_line' id='line_1_17' title="bbox 148 1267 1676 1322; baseline -0.001 -12"><span class='ocrx_word' id='word_1_112' title='bbox 148 1269 335 1322; x_wconf 89' lang='lat' dir='ltr'>loquitur</span> <span class='ocrx_word' id='word_1_113' title='bbox 385 1269 515 1311; x_wconf 79' lang='lat' dir='ltr'>deusz-</span> <span class='ocrx_word' id='word_1_114' title='bbox 558 1268 609 1310; x_wconf 90' lang='lat' dir='ltr'>in</span> <span class='ocrx_word' id='word_1_115' title='bbox 659 1269 862 1310; x_wconf 88' lang='lat' dir='ltr'>semine</span> <span class='ocrx_word' id='word_1_116' title='bbox 911 1271 1001 1311; x_wconf 92' lang='lat' dir='ltr'>tuo</span> <span class='ocrx_word' id='word_1_117' title='bbox 1051 1267 1447 1310; x_wconf 85' lang='lat' dir='ltr'>benedicentur</span> <span class='ocrx_word' id='word_1_118' title='bbox 1496 1280 1676 1310; x_wconf 90' lang='lat' dir='ltr'>omnes</span> 
     </span>
     <span class='ocr_line' id='line_1_18' title="bbox 150 1338 1733 1396; baseline -0.001 -14"><span class='ocrx_word' id='word_1_119' title='bbox 150 1342 352 1396; x_wconf 84' lang='lat' dir='ltr'>gentes.</span> <span class='ocrx_word' id='word_1_120' title='bbox 393 1339 504 1382; x_wconf 86' lang='lat' dir='ltr'>sicut</span> <span class='ocrx_word' id='word_1_121' title='bbox 541 1340 648 1382; x_wconf 86' lang='lat' dir='ltr'>enim</span> <span class='ocrx_word' id='word_1_122' title='bbox 689 1340 762 1382; x_wconf 92' lang='lat' dir='ltr'>ille</span> <span class='ocrx_word' id='word_1_123' title='bbox 792 1340 834 1381; x_wconf 93' lang='lat' dir='ltr'>in</span> <span class='ocrx_word' id='word_1_124' title='bbox 866 1340 1086 1394; x_wconf 87' lang='lat' dir='ltr'>praeputio</span> <span class='ocrx_word' id='word_1_125' title='bbox 1120 1353 1167 1382; x_wconf 88' lang='lat' dir='ltr'>ex</span> <span class='ocrx_word' id='word_1_126' title='bbox 1197 1339 1278 1381; x_wconf 89' lang='lat' dir='ltr'>fide</span> <span class='ocrx_word' id='word_1_127' title='bbox 1309 1338 1566 1381; x_wconf 88' lang='lat' dir='ltr'>iustificatus</span> <span class='ocrx_word' id='word_1_128' title='bbox 1599 1340 1677 1389; x_wconf 88' lang='lat' dir='ltr'>est,</span> <span class='ocrx_word' id='word_1_129' title='bbox 1718 1340 1733 1347; x_wconf 63' lang='lat'><em>⁹</em></span> 
     </span>
     <span class='ocr_line' id='line_1_19' title="bbox 150 1409 1676 1461; baseline -0.001 -8"><span class='ocrx_word' id='word_1_130' title='bbox 150 1412 210 1454; x_wconf 85' lang='lat' dir='ltr'>ita</span> <span class='ocrx_word' id='word_1_131' title='bbox 247 1414 287 1453; x_wconf 88' lang='lat' dir='ltr'>et</span> <span class='ocrx_word' id='word_1_132' title='bbox 324 1424 402 1454; x_wconf 88' lang='lat' dir='ltr'>nos</span> <span class='ocrx_word' id='word_1_133' title='bbox 438 1410 766 1453; x_wconf 87' lang='lat' dir='ltr'>iustificabimur</span> <span class='ocrx_word' id='word_1_134' title='bbox 795 1411 837 1452; x_wconf 89' lang='lat' dir='ltr'>in</span> <span class='ocrx_word' id='word_1_135' title='bbox 870 1410 1016 1452; x_wconf 88' lang='lat' dir='ltr'>eadem</span> <span class='ocrx_word' id='word_1_136' title='bbox 1048 1410 1143 1461; x_wconf 91' lang='lat' dir='ltr'>fide,</span> <span class='ocrx_word' id='word_1_137' title='bbox 1180 1410 1216 1452; x_wconf 90' lang='lat' dir='ltr'>si</span> <span class='ocrx_word' id='word_1_138' title='bbox 1247 1410 1520 1452; x_wconf 87' lang='lat' dir='ltr'>habuerimus</span> <span class='ocrx_word' id='word_1_139' title='bbox 1552 1409 1676 1452; x_wconf 90' lang='lat' dir='ltr'>fidem</span> 
     </span>
     <span class='ocr_line' id='line_1_20' title="bbox 150 1479 1678 1537; baseline -0.002 -13"><span class='ocrx_word' id='word_1_140' title='bbox 150 1485 192 1524; x_wconf 86' lang='lat' dir='ltr'>et</span> <span class='ocrx_word' id='word_1_141' title='bbox 230 1495 354 1537; x_wconf 90' lang='lat' dir='ltr'>opera</span> <span class='ocrx_word' id='word_1_142' title='bbox 392 1482 523 1536; x_wconf 88' lang='lat' dir='ltr'>patris</span> <span class='ocrx_word' id='word_1_143' title='bbox 555 1481 687 1524; x_wconf 86' lang='lat' dir='ltr'>nostri</span> <span class='ocrx_word' id='word_1_144' title='bbox 717 1481 941 1523; x_wconf 86' lang='lat' dir='ltr'>Abraham.</span> <span class='ocrx_word' id='word_1_145' title='bbox 977 1483 1120 1535; x_wconf 85' lang='lat' dir='ltr'>potest</span> <span class='ocrx_word' id='word_1_146' title='bbox 1150 1481 1230 1523; x_wconf 89' lang='lat' dir='ltr'>hoc</span> <span class='ocrx_word' id='word_1_147' title='bbox 1261 1481 1403 1534; x_wconf 89' lang='lat' dir='ltr'>ipsum</span> <span class='ocrx_word' id='word_1_148' title='bbox 1441 1482 1484 1522; x_wconf 86' lang='lat' dir='ltr'>et</span> <span class='ocrx_word' id='word_1_149' title='bbox 1514 1479 1566 1521; x_wconf 86' lang='lat' dir='ltr'>ad</span> <span class='ocrx_word' id='word_1_150' title='bbox 1598 1480 1678 1522; x_wconf 85' lang='lat' dir='ltr'>sal-</span> 
     </span>
     <span class='ocr_line' id='line_1_21' title="bbox 150 1550 1676 1607; baseline -0.002 -12"><span class='ocrx_word' id='word_1_151' title='bbox 150 1555 340 1596; x_wconf 85' lang='lat' dir='ltr'>uatorem</span> <span class='ocrx_word' id='word_1_152' title='bbox 372 1553 455 1595; x_wconf 89' lang='lat' dir='ltr'>dici</span> <span class='ocrx_word' id='word_1_153' title='bbox 486 1553 557 1595; x_wconf 87' lang='lat' dir='ltr'>uel</span> <span class='ocrx_word' id='word_1_154' title='bbox 589 1565 612 1594; x_wconf 85' lang='lat' dir='ltr'>a</span> <span class='ocrx_word' id='word_1_155' title='bbox 643 1554 760 1607; x_wconf 86' lang='lat' dir='ltr'>patre</span> <span class='ocrx_word' id='word_1_156' title='bbox 792 1553 862 1594; x_wconf 91' lang='lat' dir='ltr'>uel</span> <span class='ocrx_word' id='word_1_157' title='bbox 895 1565 918 1593; x_wconf 85' lang='lat' dir='ltr'>a</span> <span class='ocrx_word' id='word_1_158' title='bbox 948 1551 1183 1606; x_wconf 89' lang='lat' dir='ltr'>prophetali</span> <span class='ocrx_word' id='word_1_159' title='bbox 1216 1552 1341 1594; x_wconf 89' lang='lat' dir='ltr'>choro</span> <span class='ocrx_word' id='word_1_160' title='bbox 1374 1553 1417 1594; x_wconf 87' lang='lat' dir='ltr'>et</span> <span class='ocrx_word' id='word_1_161' title='bbox 1447 1551 1498 1592; x_wconf 90' lang='lat' dir='ltr'>ab</span> <span class='ocrx_word' id='word_1_162' title='bbox 1526 1550 1676 1604; x_wconf 86' lang='lat' dir='ltr'>spiritu</span> 
     </span>
    </p>
   </div>
   <div class='ocr_carea' id='block_1_6' title="bbox 151 1622 1741 1679">
    <p class='ocr_par' dir='ltr' id='par_1_6' title="bbox 151 1622 1741 1679">
     <span class='ocr_line' id='line_1_22' title="bbox 151 1622 1741 1679; baseline -0.002 -13"><span class='ocrx_word' id='word_1_163' title='bbox 151 1627 314 1668; x_wconf 85' lang='lat' dir='ltr'>sancto:</span> <span class='ocrx_word' id='word_1_164' title='bbox 345 1628 431 1678; x_wconf 86' lang='lat' dir='ltr'>‘pro</span> <span class='ocrx_word' id='word_1_165' title='bbox 464 1624 656 1679; x_wconf 83' lang='lat' dir='ltr'>patribus</span> <span class='ocrx_word' id='word_1_166' title='bbox 691 1623 793 1675; x_wconf 86' lang='lat' dir='ltr'>tuis,</span> <span class='ocrx_word' id='word_1_167' title='bbox 826 1623 957 1677; x_wconf 88' lang='lat' dir='ltr'>stirpe</span> <span class='ocrx_word' id='word_1_168' title='bbox 994 1623 1196 1665; x_wconf 89' lang='lat' dir='ltr'>uidelicet</span> <span class='ocrx_word' id='word_1_169' title='bbox 1225 1622 1491 1673; x_wconf 89' lang='lat' dir='ltr'>Iudaeorum,</span> <span class='ocrx_word' id='word_1_170' title='bbox 1531 1622 1603 1676; x_wconf 86' lang='lat' dir='ltr'>qui</span> <span class='ocrx_word' id='word_1_171' title='bbox 1634 1623 1676 1663; x_wconf 91' lang='lat' dir='ltr'>te</span> <span class='ocrx_word' id='word_1_172' title='bbox 1738 1672 1741 1676; x_wconf 36' lang='grc'>,</span> 
     </span>
    </p>
   </div>
   <div class='ocr_carea' id='block_1_7' title="bbox 150 1692 1677 1959">
    <p class='ocr_par' dir='ltr' id='par_1_7' title="bbox 150 1692 1677 1879">
     <span class='ocr_line' id='line_1_23' title="bbox 150 1692 1677 1750; baseline -0.003 -13"><span class='ocrx_word' id='word_1_173' title='bbox 150 1696 411 1749; x_wconf 89' lang='lat' dir='ltr'>reliquerunt</span> <span class='ocrx_word' id='word_1_174' title='bbox 448 1697 489 1737; x_wconf 87' lang='lat' dir='ltr'>et</span> <span class='ocrx_word' id='word_1_175' title='bbox 525 1696 797 1750; x_wconf 86' lang='lat' dir='ltr'>negauerunt,</span> <span class='ocrx_word' id='word_1_176' title='bbox 837 1694 923 1736; x_wconf 87' lang='lat' dir='ltr'>nati</span> <span class='ocrx_word' id='word_1_177' title='bbox 961 1696 1061 1736; x_wconf 83' lang='lat' dir='ltr'>sunt</span> <span class='ocrx_word' id='word_1_178' title='bbox 1096 1694 1175 1736; x_wconf 84' lang='lat' dir='ltr'>tibi</span> <span class='ocrx_word' id='word_1_179' title='bbox 1212 1693 1290 1735; x_wconf 91' lang='lat' dir='ltr'>filii</span> <span class='ocrx_word' id='word_1_180' title='bbox 1327 1717 1384 1724; x_wconf 86' lang='lat'><em>-</em></span> <span class='ocrx_word' id='word_1_181' title='bbox 1416 1692 1598 1748; x_wconf 89' lang='lat' dir='ltr'>apostoli</span> <span class='ocrx_word' id='word_1_182' title='bbox 1635 1694 1677 1733; x_wconf 85' lang='lat' dir='ltr'>et</span> 
     </span>
     <span class='ocr_line' id='line_1_24' title="bbox 153 1762 1677 1819; baseline -0.003 -11"><span class='ocrx_word' id='word_1_183' title='bbox 153 1767 202 1808; x_wconf 91' lang='lat' dir='ltr'>de</span> <span class='ocrx_word' id='word_1_184' title='bbox 233 1766 474 1808; x_wconf 88' lang='lat' dir='ltr'>nationibus</span> <span class='ocrx_word' id='word_1_185' title='bbox 507 1765 724 1808; x_wconf 89' lang='lat' dir='ltr'>credentes</span> <span class='ocrx_word' id='word_1_186' title='bbox 751 1790 820 1816; x_wconf 79' lang='lat'>——,</span> <span class='ocrx_word' id='word_1_187' title='bbox 849 1777 953 1819; x_wconf 89' lang='lat' dir='ltr'>quos</span> <span class='ocrx_word' id='word_1_188' title='bbox 981 1764 1242 1806; x_wconf 88' lang='lat' dir='ltr'>constituisti</span> <span class='ocrx_word' id='word_1_189' title='bbox 1273 1764 1482 1818; x_wconf 89' lang='lat' dir='ltr'>principes</span> <span class='ocrx_word' id='word_1_190' title='bbox 1514 1762 1556 1804; x_wconf 94' lang='lat' dir='ltr'>in</span> <span class='ocrx_word' id='word_1_191' title='bbox 1588 1762 1677 1804; x_wconf 92' lang='lat' dir='ltr'>uni-</span> 
     </span>
     <span class='ocr_line' id='line_1_25' title="bbox 151 1825 865 1879; baseline -0.004 0"><span class='ocrx_word' id='word_1_192' title='bbox 151 1830 274 1879; x_wconf 82' lang='lat' dir='ltr'>uersa</span> <span class='ocrx_word' id='word_1_193' title='bbox 304 1838 440 1878; x_wconf 84' lang='lat' dir='ltr'>terra&#39;.</span> <span class='ocrx_word' id='word_1_194' title='bbox 863 1825 865 1827; x_wconf 47' lang='grc'>’</span> 
     </span>
    </p>

    <p class='ocr_par' dir='ltr' id='par_1_8' title="bbox 213 1904 1675 1959">
     <span class='ocr_line' id='line_1_26' title="bbox 213 1904 1675 1959; baseline -0.002 -11"><span class='ocrx_word' id='word_1_195' title='bbox 213 1909 280 1949; x_wconf 83' lang='grc'>22.</span> <span class='ocrx_word' id='word_1_196' title='bbox 319 1907 516 1950; x_wconf 87' lang='lat' dir='ltr'>Memor</span> <span class='ocrx_word' id='word_1_197' title='bbox 554 1920 638 1949; x_wconf 91' lang='lat' dir='ltr'>ero</span> <span class='ocrx_word' id='word_1_198' title='bbox 677 1906 910 1948; x_wconf 89' lang='lat' dir='ltr'>nominis</span> <span class='ocrx_word' id='word_1_199' title='bbox 949 1906 1029 1948; x_wconf 90' lang='lat' dir='ltr'>tui</span> <span class='ocrx_word' id='word_1_200' title='bbox 1068 1906 1116 1947; x_wconf 91' lang='lat' dir='ltr'>in</span> <span class='ocrx_word' id='word_1_201' title='bbox 1150 1905 1289 1947; x_wconf 90' lang='lat' dir='ltr'>omni</span> <span class='ocrx_word' id='word_1_202' title='bbox 1322 1904 1675 1959; x_wconf 85' lang='lat' dir='ltr'>generatione</span> 
     </span>
    </p>
   </div>
   <div class='ocr_carea' id='block_1_8' title="bbox 143 1975 1677 2035">
    <p class='ocr_par' dir='ltr' id='par_1_9' title="bbox 143 1975 1677 2035">
     <span class='ocr_line' id='line_1_27' title="bbox 143 1975 1677 2035; baseline -0.003 -15"><span class='ocrx_word' id='word_1_203' title='bbox 143 1981 202 2035; x_wconf 13' lang='lat' dir='ltr'>yet</span> <span class='ocrx_word' id='word_1_204' title='bbox 259 1978 623 2033; x_wconf 85' lang='lat' dir='ltr'>generatione.</span> <span class='ocrx_word' id='word_1_205' title='bbox 679 1979 968 2032; x_wconf 86' lang='lat' dir='ltr'>propterea</span> <span class='ocrx_word' id='word_1_206' title='bbox 1018 1975 1206 2031; x_wconf 90' lang='lat' dir='ltr'>populi</span> <span class='ocrx_word' id='word_1_207' title='bbox 1257 1975 1677 2016; x_wconf 85' lang='lat' dir='ltr'>confitebuntur</span> 
     </span>
    </p>
   </div>
   <div class='ocr_carea' id='block_1_9' title="bbox 152 2045 1673 2092">
    <p class='ocr_par' dir='ltr' id='par_1_10' title="bbox 152 2045 1673 2092">
     <span class='ocr_line' id='line_1_28' title="bbox 152 2045 1673 2092; baseline -0.003 -1"><span class='ocrx_word' id='word_1_208' title='bbox 152 2049 257 2092; x_wconf 90' lang='lat' dir='ltr'>tibi</span> <span class='ocrx_word' id='word_1_209' title='bbox 282 2049 331 2090; x_wconf 88' lang='lat' dir='ltr'>in</span> <span class='ocrx_word' id='word_1_210' title='bbox 359 2050 636 2091; x_wconf 87' lang='lat' dir='ltr'>aeternum</span> <span class='ocrx_word' id='word_1_211' title='bbox 664 2050 713 2090; x_wconf 89' lang='lat' dir='ltr'>et</span> <span class='ocrx_word' id='word_1_212' title='bbox 738 2047 788 2089; x_wconf 84' lang='lat' dir='ltr'>in</span> <span class='ocrx_word' id='word_1_213' title='bbox 824 2047 1100 2090; x_wconf 89' lang='lat' dir='ltr'>saeculum</span> <span class='ocrx_word' id='word_1_214' title='bbox 1129 2046 1351 2088; x_wconf 88' lang='lat' dir='ltr'>saeculi.</span> <span class='ocrx_word' id='word_1_215' title='bbox 1379 2046 1420 2087; x_wconf 90' lang='lat' dir='ltr'>in</span> <span class='ocrx_word' id='word_1_216' title='bbox 1447 2045 1673 2089; x_wconf 86' lang='lat' dir='ltr'>Hebraico:</span> 
     </span>
    </p>
   </div>
   <div class='ocr_carea' id='block_1_10' title="bbox 91 2117 1676 2172">
    <p class='ocr_par' dir='ltr' id='par_1_11' title="bbox 91 2117 1676 2172">
     <span class='ocr_line' id='line_1_29' title="bbox 91 2117 1676 2172; baseline -0.004 -9"><span class='ocrx_word' id='word_1_217' title='bbox 91 2139 100 2151; x_wconf 55' lang='grc' dir='ltr'>ι</span> <span class='ocrx_word' id='word_1_218' title='bbox 153 2120 479 2162; x_wconf 87' lang='lat' dir='ltr'>recordabor</span> <span class='ocrx_word' id='word_1_219' title='bbox 509 2119 740 2162; x_wconf 90' lang='lat' dir='ltr'>nominis</span> <span class='ocrx_word' id='word_1_220' title='bbox 773 2119 854 2160; x_wconf 90' lang='lat' dir='ltr'>tui</span> <span class='ocrx_word' id='word_1_221' title='bbox 885 2119 935 2160; x_wconf 91' lang='lat' dir='ltr'>in</span> <span class='ocrx_word' id='word_1_222' title='bbox 970 2118 1107 2160; x_wconf 90' lang='lat' dir='ltr'>omni</span> <span class='ocrx_word' id='word_1_223' title='bbox 1139 2117 1489 2172; x_wconf 85' lang='lat' dir='ltr'>generatione</span> <span class='ocrx_word' id='word_1_224' title='bbox 1524 2119 1574 2158; x_wconf 92' lang='lat' dir='ltr'>et</span> <span class='ocrx_word' id='word_1_225' title='bbox 1600 2128 1676 2170; x_wconf 86' lang='lat' dir='ltr'>ge-</span> 
     </span>
    </p>
   </div>
   <div class='ocr_carea' id='block_1_11' title="bbox 157 2265 1676 2371">
    <p class='ocr_par' dir='ltr' id='par_1_12' title="bbox 157 2265 1676 2371">
     <span class='ocr_line' id='line_1_30' title="bbox 273 2265 1676 2312; baseline -0.003 -8"><span class='ocrx_word' id='word_1_226' title='bbox 273 2271 292 2304; x_wconf 81' lang='lat'><strong>7</strong></span> <span class='ocrx_word' id='word_1_227' title='bbox 319 2270 377 2304; x_wconf 87' lang='lat' dir='ltr'>Ps.</span> <span class='ocrx_word' id='word_1_228' title='bbox 404 2270 461 2310; x_wconf 90' lang='lat'>44,</span> <span class='ocrx_word' id='word_1_229' title='bbox 490 2270 530 2304; x_wconf 94' lang='lat'>11</span> <span class='ocrx_word' id='word_1_230' title='bbox 601 2270 622 2304; x_wconf 90' lang='grc'>8</span> <span class='ocrx_word' id='word_1_231' title='bbox 648 2268 799 2304; x_wconf 69' lang='lat' dir='ltr'>*Matth⁸</span> <span class='ocrx_word' id='word_1_232' title='bbox 827 2268 859 2311; x_wconf 88' lang='lat'>3,</span> <span class='ocrx_word' id='word_1_233' title='bbox 887 2269 907 2303; x_wconf 90' lang='grc'><strong>9</strong></span> <span class='ocrx_word' id='word_1_234' title='bbox 978 2268 1017 2302; x_wconf 95' lang='grc'>11</span> <span class='ocrx_word' id='word_1_235' title='bbox 1047 2267 1144 2302; x_wconf 77' lang='lat' dir='ltr'>¹&#39;‘Ioh.</span> <span class='ocrx_word' id='word_1_236' title='bbox 1169 2267 1204 2312; x_wconf 88' lang='lat'>8,</span> <span class='ocrx_word' id='word_1_237' title='bbox 1229 2266 1275 2302; x_wconf 86' lang='lat'>39</span> <span class='ocrx_word' id='word_1_238' title='bbox 1345 2267 1387 2301; x_wconf 85' lang='lat'>13</span> <span class='ocrx_word' id='word_1_239' title='bbox 1414 2265 1527 2301; x_wconf 79' lang='lat' dir='ltr'>*Gen.</span> <span class='ocrx_word' id='word_1_240' title='bbox 1555 2265 1611 2306; x_wconf 82' lang='lat'>22,</span> <span class='ocrx_word' id='word_1_241' title='bbox 1635 2265 1676 2300; x_wconf 84' lang='grc'>18</span> 
     </span>
     <span class='ocr_line' id='line_1_31' title="bbox 157 2326 1060 2371; baseline -0.003 -7"><span class='ocrx_word' id='word_1_242' title='bbox 157 2330 199 2364; x_wconf 91' lang='grc'>14</span> <span class='ocrx_word' id='word_1_243' title='bbox 226 2329 270 2364; x_wconf 86' lang='lat' dir='ltr'>cf.</span> <span class='ocrx_word' id='word_1_244' title='bbox 295 2329 398 2364; x_wconf 84' lang='lat' dir='ltr'>Rom.</span> <span class='ocrx_word' id='word_1_245' title='bbox 424 2329 457 2370; x_wconf 87' lang='lat'>4,</span> <span class='ocrx_word' id='word_1_246' title='bbox 483 2329 601 2364; x_wconf 85' lang='lat'>9—10</span> <span class='ocrx_word' id='word_1_247' title='bbox 674 2328 730 2362; x_wconf 85' lang='lat'>22.</span> <span class='ocrx_word' id='word_1_248' title='bbox 756 2328 801 2362; x_wconf 73' lang='lat'>25</span> <span class='ocrx_word' id='word_1_249' title='bbox 828 2326 905 2362; x_wconf 77' lang='lat' dir='ltr'>*Ps.</span> <span class='ocrx_word' id='word_1_250' title='bbox 931 2328 989 2371; x_wconf 86' lang='lat'>44,</span> <span class='ocrx_word' id='word_1_251' title='bbox 1017 2326 1060 2361; x_wconf 89' lang='grc'>18</span> 
     </span>
    </p>
   </div>
   <div class='ocr_carea' id='block_1_12' title="bbox 153 2406 1682 2927">
    <p class='ocr_par' dir='ltr' id='par_1_13' title="bbox 153 2406 1682 2927">
     <span class='ocr_line' id='line_1_32' title="bbox 204 2406 1681 2457; baseline -0.004 -10"><span class='ocrx_word' id='word_1_252' title='bbox 204 2413 220 2447; x_wconf 94' lang='grc'>1</span> <span class='ocrx_word' id='word_1_253' title='bbox 249 2412 361 2457; x_wconf 86' lang='lat' dir='ltr'>patris</span> <span class='ocrx_word' id='word_1_254' title='bbox 388 2411 550 2453; x_wconf 86' lang='lat' dir='ltr'>L,Ma.c.</span> <span class='ocrx_word' id='word_1_255' title='bbox 648 2410 780 2456; x_wconf 84' lang='lat' dir='ltr'>ysahac</span> <span class='ocrx_word' id='word_1_256' title='bbox 806 2410 841 2444; x_wconf 91' lang='grc' dir='ltr'><strong><em>Β</em></strong></span> <span class='ocrx_word' id='word_1_257' title='bbox 912 2409 933 2443; x_wconf 85' lang='grc'>2</span> <span class='ocrx_word' id='word_1_258' title='bbox 961 2411 1102 2455; x_wconf 86' lang='lat' dir='ltr'>patrum</span> <span class='ocrx_word' id='word_1_259' title='bbox 1128 2419 1172 2443; x_wconf 64' lang='grc' dir='ltr'>εκ</span> <span class='ocrx_word' id='word_1_260' title='bbox 1197 2410 1297 2454; x_wconf 86' lang='lat' dir='ltr'>patre</span> <span class='ocrx_word' id='word_1_261' title='bbox 1331 2407 1380 2442; x_wconf 91' lang='lat' dir='ltr'><strong><em>W</em></strong></span> <span class='ocrx_word' id='word_1_262' title='bbox 1447 2407 1467 2442; x_wconf 87' lang='lat'><strong>3</strong></span> <span class='ocrx_word' id='word_1_263' title='bbox 1494 2418 1515 2442; x_wconf 92' lang='lat' dir='ltr'>a</span> <span class='ocrx_word' id='word_1_264' title='bbox 1540 2418 1608 2442; x_wconf 85' lang='lat' dir='ltr'>om.</span> <span class='ocrx_word' id='word_1_265' title='bbox 1633 2406 1681 2440; x_wconf 88' lang='lat' dir='ltr'><em>M</em></span> 
     </span>
     <span class='ocr_line' id='line_1_33' title="bbox 153 2465 1677 2517; baseline -0.005 -11"><span class='ocrx_word' id='word_1_266' title='bbox 153 2473 175 2506; x_wconf 88' lang='lat'>4</span> <span class='ocrx_word' id='word_1_267' title='bbox 200 2471 376 2517; x_wconf 87' lang='lat' dir='ltr'>baptizari</span> <span class='ocrx_word' id='word_1_268' title='bbox 402 2470 436 2504; x_wconf 90' lang='lat' dir='ltr'><em>L</em></span> <span class='ocrx_word' id='word_1_269' title='bbox 533 2470 554 2504; x_wconf 86' lang='lat'>5</span> <span class='ocrx_word' id='word_1_270' title='bbox 582 2470 774 2515; x_wconf 86' lang='lat' dir='ltr'>quaeratur</span> <span class='ocrx_word' id='word_1_271' title='bbox 804 2468 855 2503; x_wconf 91' lang='lat' dir='ltr'><strong><em>W</em></strong></span> <span class='ocrx_word' id='word_1_272' title='bbox 972 2468 992 2502; x_wconf 82' lang='lat'><strong>7</strong></span> <span class='ocrx_word' id='word_1_273' title='bbox 1019 2467 1152 2513; x_wconf 87' lang='lat' dir='ltr'>populo</span> <span class='ocrx_word' id='word_1_274' title='bbox 1178 2468 1241 2502; x_wconf 89' lang='lat' dir='ltr'>tuo</span> <span class='ocrx_word' id='word_1_275' title='bbox 1262 2466 1296 2501; x_wconf 88' lang='lat' dir='ltr'><strong><em>L</em></strong></span> <span class='ocrx_word' id='word_1_276' title='bbox 1416 2466 1437 2501; x_wconf 89' lang='lat'>8</span> <span class='ocrx_word' id='word_1_277' title='bbox 1463 2465 1617 2511; x_wconf 85' lang='lat' dir='ltr'>legimus</span> <span class='ocrx_word' id='word_1_278' title='bbox 1642 2465 1677 2499; x_wconf 90' lang='grc' dir='ltr'><strong><em>Β</em></strong></span> 
     </span>
     <span class='ocr_line' id='line_1_34' title="bbox 155 2524 1676 2571; baseline -0.005 -6"><span class='ocrx_word' id='word_1_279' title='bbox 155 2530 175 2565; x_wconf 88' lang='grc'>9</span> <span class='ocrx_word' id='word_1_280' title='bbox 201 2529 398 2565; x_wconf 84' lang='lat' dir='ltr'>habraham</span> <span class='ocrx_word' id='word_1_281' title='bbox 425 2530 465 2564; x_wconf 93' lang='lat' dir='ltr'><em>X</em></span> <span class='ocrx_word' id='word_1_282' title='bbox 487 2528 631 2565; x_wconf 85' lang='lat' dir='ltr'>abraam</span> <span class='ocrx_word' id='word_1_283' title='bbox 658 2529 694 2562; x_wconf 93' lang='lat' dir='ltr'><strong><em>B</em></strong></span> <span class='ocrx_word' id='word_1_284' title='bbox 792 2528 835 2564; x_wconf 91' lang='grc'>10</span> <span class='ocrx_word' id='word_1_285' title='bbox 862 2527 904 2563; x_wconf 89' lang='lat' dir='ltr'>de</span> <span class='ocrx_word' id='word_1_286' title='bbox 929 2537 958 2562; x_wconf 84' lang='lat'>8.</span> <span class='ocrx_word' id='word_1_287' title='bbox 985 2527 1007 2563; x_wconf 82' lang='lat' dir='ltr'>l.</span> <span class='ocrx_word' id='word_1_288' title='bbox 1034 2526 1134 2562; x_wconf 75' lang='lat' dir='ltr'>m2B</span> <span class='ocrx_word' id='word_1_289' title='bbox 1247 2525 1437 2571; x_wconf 87' lang='lat' dir='ltr'>gentilium</span> <span class='ocrx_word' id='word_1_290' title='bbox 1462 2536 1491 2560; x_wconf 82' lang='lat'>3.</span> <span class='ocrx_word' id='word_1_291' title='bbox 1518 2525 1540 2560; x_wconf 87' lang='lat' dir='ltr'>l.</span> <span class='ocrx_word' id='word_1_292' title='bbox 1566 2524 1676 2566; x_wconf 83' lang='lat' dir='ltr'>m2B,</span> 
     </span>
     <span class='ocr_line' id='line_1_35' title="bbox 156 2583 1682 2634; baseline -0.005 -9"><span class='ocrx_word' id='word_1_293' title='bbox 156 2600 224 2626; x_wconf 85' lang='lat' dir='ltr'>om.</span> <span class='ocrx_word' id='word_1_294' title='bbox 251 2589 284 2623; x_wconf 89' lang='lat' dir='ltr'><strong><em>L</em></strong></span> <span class='ocrx_word' id='word_1_295' title='bbox 336 2589 375 2624; x_wconf 95' lang='lat'>11</span> <span class='ocrx_word' id='word_1_296' title='bbox 402 2600 458 2634; x_wconf 80' lang='lat' dir='ltr'>pr.</span> <span class='ocrx_word' id='word_1_297' title='bbox 478 2588 662 2624; x_wconf 85' lang='lat' dir='ltr'>habrahae</span> <span class='ocrx_word' id='word_1_298' title='bbox 681 2588 722 2622; x_wconf 92' lang='lat' dir='ltr'><strong><em>X</em></strong></span> <span class='ocrx_word' id='word_1_299' title='bbox 739 2587 909 2622; x_wconf 88' lang='lat' dir='ltr'>abraham</span> <span class='ocrx_word' id='word_1_300' title='bbox 929 2586 963 2620; x_wconf 90' lang='lat' dir='ltr'><em>L</em></span> <span class='ocrx_word' id='word_1_301' title='bbox 1015 2586 1058 2622; x_wconf 89' lang='grc'>12</span> <span class='ocrx_word' id='word_1_302' title='bbox 1079 2586 1146 2621; x_wconf 82' lang='lat' dir='ltr'>alt.</span> <span class='ocrx_word' id='word_1_303' title='bbox 1166 2585 1310 2621; x_wconf 85' lang='lat' dir='ltr'>abraam</span> <span class='ocrx_word' id='word_1_304' title='bbox 1328 2585 1364 2620; x_wconf 93' lang='lat' dir='ltr'><strong><em>B</em></strong></span> <span class='ocrx_word' id='word_1_305' title='bbox 1415 2585 1458 2619; x_wconf 84' lang='lat'>13</span> <span class='ocrx_word' id='word_1_306' title='bbox 1478 2583 1607 2619; x_wconf 87' lang='lat' dir='ltr'>semini</span> <span class='ocrx_word' id='word_1_307' title='bbox 1632 2583 1682 2618; x_wconf 90' lang='lat' dir='ltr'><em>W</em></span> 
     </span>
     <span class='ocr_line' id='line_1_36' title="bbox 159 2642 1679 2693; baseline -0.005 -10"><span class='ocrx_word' id='word_1_308' title='bbox 159 2648 202 2682; x_wconf 88' lang='lat'>14</span> <span class='ocrx_word' id='word_1_309' title='bbox 226 2648 262 2682; x_wconf 90' lang='lat' dir='ltr'>in</span> <span class='ocrx_word' id='word_1_310' title='bbox 287 2659 411 2693; x_wconf 86' lang='lat' dir='ltr'>praep.</span> <span class='ocrx_word' id='word_1_311' title='bbox 437 2648 498 2682; x_wconf 85' lang='lat' dir='ltr'>ille</span> <span class='ocrx_word' id='word_1_312' title='bbox 524 2647 560 2682; x_wconf 90' lang='lat' dir='ltr'><em>B</em></span> <span class='ocrx_word' id='word_1_313' title='bbox 611 2648 654 2682; x_wconf 84' lang='lat'>15</span> <span class='ocrx_word' id='word_1_314' title='bbox 679 2646 874 2681; x_wconf 86' lang='lat' dir='ltr'>habeamus</span> <span class='ocrx_word' id='word_1_315' title='bbox 899 2645 948 2680; x_wconf 84' lang='lat' dir='ltr'><em>M</em></span> <span class='ocrx_word' id='word_1_316' title='bbox 997 2645 1039 2680; x_wconf 91' lang='grc'>16</span> <span class='ocrx_word' id='word_1_317' title='bbox 1060 2654 1117 2690; x_wconf 77' lang='lat' dir='ltr'>pr.</span> <span class='ocrx_word' id='word_1_318' title='bbox 1143 2646 1180 2680; x_wconf 86' lang='lat' dir='ltr'>et</span> <span class='ocrx_word' id='word_1_319' title='bbox 1205 2654 1271 2679; x_wconf 84' lang='lat' dir='ltr'>om.</span> <span class='ocrx_word' id='word_1_320' title='bbox 1298 2643 1333 2678; x_wconf 90' lang='lat' dir='ltr'><em>L</em></span> <span class='ocrx_word' id='word_1_321' title='bbox 1417 2642 1613 2679; x_wconf 87' lang='lat' dir='ltr'>habraham</span> <span class='ocrx_word' id='word_1_322' title='bbox 1639 2642 1679 2676; x_wconf 86' lang='lat' dir='ltr'><em>X</em></span> 
     </span>
     <span class='ocr_line' id='line_1_37' title="bbox 157 2701 1679 2750; baseline -0.005 -8"><span class='ocrx_word' id='word_1_323' title='bbox 157 2707 311 2742; x_wconf 83' lang='lat' dir='ltr'>abrahae</span> <span class='ocrx_word' id='word_1_324' title='bbox 340 2710 392 2750; x_wconf 89' lang='lat' dir='ltr'>(-e</span> <span class='ocrx_word' id='word_1_325' title='bbox 417 2706 466 2749; x_wconf 91' lang='lat' dir='ltr'>B)</span> <span class='ocrx_word' id='word_1_326' title='bbox 493 2706 564 2740; x_wconf 93' lang='lat' dir='ltr'>LB</span> <span class='ocrx_word' id='word_1_327' title='bbox 661 2706 726 2741; x_wconf 79' lang='lat' dir='ltr'>alt.</span> <span class='ocrx_word' id='word_1_328' title='bbox 754 2707 791 2740; x_wconf 83' lang='lat' dir='ltr'>et</span> <span class='ocrx_word' id='word_1_329' title='bbox 816 2715 883 2740; x_wconf 87' lang='lat' dir='ltr'>om.</span> <span class='ocrx_word' id='word_1_330' title='bbox 909 2715 933 2749; x_wconf 78' lang='lat' dir='ltr'>g</span> <span class='ocrx_word' id='word_1_331' title='bbox 1014 2704 1055 2739; x_wconf 86' lang='lat'>17</span> <span class='ocrx_word' id='word_1_332' title='bbox 1083 2714 1165 2739; x_wconf 86' lang='lat' dir='ltr'>coro</span> <span class='ocrx_word' id='word_1_333' title='bbox 1191 2703 1227 2738; x_wconf 92' lang='grc' dir='ltr'><strong><em>Β</em></strong></span> <span class='ocrx_word' id='word_1_334' title='bbox 1323 2702 1383 2747; x_wconf 90' lang='lat' dir='ltr'>ab]</span> <span class='ocrx_word' id='word_1_335' title='bbox 1410 2713 1430 2736; x_wconf 91' lang='lat' dir='ltr'>a</span> <span class='ocrx_word' id='word_1_336' title='bbox 1455 2701 1535 2741; x_wconf 86' lang='lat' dir='ltr'>LB,</span> <span class='ocrx_word' id='word_1_337' title='bbox 1561 2711 1629 2735; x_wconf 85' lang='lat' dir='ltr'>om.</span> <span class='ocrx_word' id='word_1_338' title='bbox 1655 2712 1679 2746; x_wconf 78' lang='lat' dir='ltr'>g</span> 
     </span>
     <span class='ocr_line' id='line_1_38' title="bbox 159 2758 1678 2811; baseline -0.005 -10"><span class='ocrx_word' id='word_1_339' title='bbox 159 2767 201 2801; x_wconf 87' lang='grc'>18</span> <span class='ocrx_word' id='word_1_340' title='bbox 227 2766 353 2811; x_wconf 80' lang='lat' dir='ltr'>istirpe</span> <span class='ocrx_word' id='word_1_341' title='bbox 386 2766 436 2800; x_wconf 93' lang='lat' dir='ltr'><em>W</em></span> <span class='ocrx_word' id='word_1_342' title='bbox 457 2766 492 2800; x_wconf 88' lang='lat' dir='ltr'>in</span> <span class='ocrx_word' id='word_1_343' title='bbox 519 2766 632 2810; x_wconf 87' lang='lat' dir='ltr'>stirpe</span> <span class='ocrx_word' id='word_1_344' title='bbox 657 2764 690 2798; x_wconf 91' lang='lat' dir='ltr'><em>L</em></span> <span class='ocrx_word' id='word_1_345' title='bbox 790 2764 833 2799; x_wconf 89' lang='lat'>19</span> <span class='ocrx_word' id='word_1_346' title='bbox 860 2763 1108 2808; x_wconf 88' lang='lat' dir='ltr'>relinquerunt</span> <span class='ocrx_word' id='word_1_347' title='bbox 1138 2761 1188 2795; x_wconf 92' lang='lat' dir='ltr'><strong><em>W</em></strong></span> <span class='ocrx_word' id='word_1_348' title='bbox 1292 2760 1358 2796; x_wconf 89' lang='lat' dir='ltr'>filii</span> <span class='ocrx_word' id='word_1_349' title='bbox 1383 2760 1452 2795; x_wconf 88' lang='lat' dir='ltr'>tibi</span> <span class='ocrx_word' id='word_1_350' title='bbox 1483 2759 1534 2795; x_wconf 84' lang='lat' dir='ltr'><strong><em>W</em></strong></span> <span class='ocrx_word' id='word_1_351' title='bbox 1553 2758 1619 2794; x_wconf 84' lang='lat' dir='ltr'>filii</span> <span class='ocrx_word' id='word_1_352' title='bbox 1645 2758 1678 2793; x_wconf 96' lang='lat' dir='ltr'><em>L</em></span> 
     </span>
     <span class='ocr_line' id='line_1_39' title="bbox 157 2818 1681 2867; baseline -0.005 -6"><span class='ocrx_word' id='word_1_353' title='bbox 157 2825 203 2861; x_wconf 80' lang='lat'>20</span> <span class='ocrx_word' id='word_1_354' title='bbox 229 2827 432 2861; x_wconf 87' lang='lat' dir='ltr'>uniuersam</span> <span class='ocrx_word' id='word_1_355' title='bbox 458 2828 590 2860; x_wconf 85' lang='lat' dir='ltr'>terram</span> <span class='ocrx_word' id='word_1_356' title='bbox 615 2824 652 2859; x_wconf 95' lang='grc' dir='ltr'><strong><em>Β</em></strong></span> <span class='ocrx_word' id='word_1_357' title='bbox 759 2823 804 2858; x_wconf 86' lang='grc'>23</span> <span class='ocrx_word' id='word_1_358' title='bbox 831 2824 868 2857; x_wconf 89' lang='lat' dir='ltr'>et</span> <span class='ocrx_word' id='word_1_359' title='bbox 893 2821 1125 2867; x_wconf 70' lang='lat' dir='ltr'>generatione</span> <span class='ocrx_word' id='word_1_360' title='bbox 1151 2820 1187 2855; x_wconf 90' lang='lat' dir='ltr'><strong><em>B</em></strong></span> <span class='ocrx_word' id='word_1_361' title='bbox 1212 2821 1249 2855; x_wconf 86' lang='lat' dir='ltr'>et</span> <span class='ocrx_word' id='word_1_362' title='bbox 1273 2819 1443 2866; x_wconf 87' lang='lat' dir='ltr'>progenie</span> <span class='ocrx_word' id='word_1_363' title='bbox 1469 2818 1514 2863; x_wconf 91' lang='lat' dir='ltr'>L,</span> <span class='ocrx_word' id='word_1_364' title='bbox 1541 2828 1608 2853; x_wconf 86' lang='lat' dir='ltr'>om.</span> <span class='ocrx_word' id='word_1_365' title='bbox 1634 2818 1681 2854; x_wconf 90' lang='lat' dir='ltr'><strong><em>M</em></strong></span> 
     </span>
     <span class='ocr_line' id='line_1_40' title="bbox 156 2879 1154 2927; baseline -0.004 -8"><span class='ocrx_word' id='word_1_366' title='bbox 156 2885 203 2919; x_wconf 84' lang='lat'>24</span> <span class='ocrx_word' id='word_1_367' title='bbox 229 2884 298 2919; x_wconf 88' lang='lat' dir='ltr'>ebr.</span> <span class='ocrx_word' id='word_1_368' title='bbox 324 2884 372 2919; x_wconf 87' lang='grc' dir='ltr'><strong>Μ</strong></span> <span class='ocrx_word' id='word_1_369' title='bbox 394 2884 501 2919; x_wconf 86' lang='lat' dir='ltr'>abrec</span> <span class='ocrx_word' id='word_1_370' title='bbox 534 2883 583 2918; x_wconf 86' lang='lat' dir='ltr'><strong><em>W</em></strong></span> <span class='ocrx_word' id='word_1_371' title='bbox 652 2883 697 2917; x_wconf 75' lang='lat'>25</span> <span class='ocrx_word' id='word_1_372' title='bbox 724 2882 788 2917; x_wconf 76' lang='lat' dir='ltr'>alt.</span> <span class='ocrx_word' id='word_1_373' title='bbox 815 2881 1045 2927; x_wconf 81' lang='lat' dir='ltr'>generatione</span> <span class='ocrx_word' id='word_1_374' title='bbox 1070 2879 1154 2915; x_wconf 88' lang='lat' dir='ltr'>LM</span> 
     </span>
    </p>
   </div>
  </div>
 </body>
</html>
