1884 3254
225 258 310 300 292
769 252 919 288 Sancti
943 251 1198 296 Hieronymi

224 398 333 428 nunc
359 384 598 439 neglectum
632 383 758 436 caput
789 381 870 422 scit
895 379 976 422 sibi
1001 381 1166 422 tantum
1198 377 1402 430 sufficere,
1427 377 1538 431 quod
1565 378 1741 421 uelatur.

223 455 297 498 illo
330 458 516 509 tempore
546 453 783 507 plumarum
817 462 981 506 quoque
1014 450 1116 491 dura
1146 448 1347 491 mollities
1379 447 1601 490 uidebatur
1633 448 1740 491 etin

226 525 424 568 extructis
463 524 566 567 toriS
603 524 738 565 iacere
776 522 846 564 uix
883 522 1065 575 poterat3
1104 532 1214 562 nunc
1257 518 1309 561 ad
1351 518 1551 561 orandum
1589 519 1742 563 festina

226 595 440 650 consurgit
472 596 513 636 et
542 593 757 636 modulata
787 605 891 634 uoce
924 590 1074 633 ceteris
1111 588 1306 632 ‘alleluia‘
1336 589 1592 644 praeripiens
1629 590 1743 644 prior

167 674 174 699 2
225 665 372 719 incipit
402 664 572 706 laudare
598 663 813 705 (lominum
847 674 984 703 suum.
1010 660 1239 703 flectuntur
1269 672 1406 715 genua
1437 671 1563 713 super
1587 659 1742 702 nudam
1783 672 1804 701 a

225 736 401 777 humum
428 736 470 776 et
495 733 650 776 crebris
676 733 862 775 lacrimis
888 731 1018 774 facies
1043 731 1263 785 psimithio
1289 733 1383 773 ante
1409 730 1622 774 sordidata
1646 744 1743 785 pur·

226 807 361 860 gatur.
387 807 486 859 post
511 804 739 847 orationem
766 802 920 857 psalmi
946 804 1198 857 concrepant
1223 803 1268 844 et
1289 802 1404 844 lassa
1429 802 1584 853 ceruix,
1609 801 1742 857 popli·

225 879 288 917 tes
325 875 574 918 uacillantes
611 874 653 915 in
692 885 970 926 somnumque
1008 874 1230 927 uergentes
1270 872 1382 914 oculi
1421 871 1550 914 nimio
1588 871 1742 915 mentis

226 946 369 987 ardore
407 945 475 987 uix
512 944 735 999 inpetrant,
774 944 824 985 ut
860 943 1091 996 quiescant.
1129 942 1247 996 pulla
1284 944 1350 985 est
1385 943 1548 984 tunica:
1586 942 1742 994 minus,

226 1029 320 1058 cum
353 1016 470 1058 humi
502 1014 692 1065 iacuerit,
725 1013 978 1056 sordidatur.
1013 1026 1164 1056 soccus
1195 1013 1340 1056 uilior:
1379 1015 1619 1056 auratorum
1651 1025 1741 1068 pre·
1766 1022 1804 1052 ιο
1878 1026 1883 1031 ·

224 1087 331 1128 tium
365 1087 598 1129 calceorum
633 1085 855 1140 egentibus
887 1085 1103 1140 largietur.
1136 1084 1354 1140 cingulum
1385 1097 1466 1127 non
1500 1097 1598 1127 auro
1630 1097 1742 1140 gem-

223 1158 385 1210 misque
419 1156 666 1198 distinctum
699 1157 776 1206 est,
810 1155 885 1198 sed
914 1155 1085 1197 laneum
1110 1156 1153 1197 et
1181 1156 1272 1197 tota
1303 1154 1574 1208 simplicitate
1605 1155 1743 1210 puris-

225 1228 379 1269 simum
422 1229 463 1269 et
507 1226 619 1280 quod
660 1226 799 1280 possit
841 1225 1100 1281 adstringere
1145 1225 1282 1280 magis
1324 1225 1579 1267 uestimenta
1617 1238 1742 1280 quam

226 1298 423 1340 scindere.
452 1297 488 1339 si
519 1298 618 1339 huic
650 1296 864 1351 proposito
895 1296 1060 1339 inuidet
1091 1296 1281 1351 scorpius
1307 1298 1350 1338 et
1375 1309 1564 1339 sermone
1589 1295 1741 1338 blando

224 1368 272 1410 de
302 1368 487 1410 indebita
516 1380 681 1409 rursum
708 1367 852 1410 arbore
879 1361 1094 1410 comedere
1119 1367 1580 1422 persuadet‚²inlidatu1·
1605 1367 1642 1409 ei
1666 1379 1742 1421 pro
1765 1376 1804 1406 ιο

224 1439 338 1481 solea
356 1439 577 1481 anathema
596 1441 638 1480 et
654 1439 696 1480 in
719 1451 795 1480 suo
822 1438 1017 1481 morienti
1041 1438 1216 1493 puluere
1243 1438 1423 1481 dicatur:
1448 1437 1571 1480 uado
1595 1440 1743 1492 retro,

226 1512 439 1561 satanas,
460 1509 571 1563 quod
589 1507 1118 1564 interpretatur‘aduerse'3
1132 1508 1396 1551 aduersarius
1418 1496 1571 1563 quippe
1587 1508 1745 1551 Christi

226 1582 291 1623 est
321 1580 607 1631 antichr1stus‚
641 1580 708 1634 cui
739 1582 963 1635 praecepta
995 1580 1222 1635 displicent
1254 1580 1422 1624 Christi.

286 1653 321 1692 5.
356 1650 435 1693 Oro
475 1653 529 1702 te,
570 1650 670 1704 quid
708 1651 791 1692 tale
829 1659 1043 1704 umquam,
1083 1650 1205 1704 quale
1243 1650 1437 1704 apostoli,
1469 1650 1661 1700 fecimus,
1694 1651 1744 1692 ut

224 1722 373 1764 merito
411 1711 771 1763 scandalizentur?
808 1723 970 1775 patrem
1010 1734 1153 1779 senem
1192 1733 1288 1763 cum
1331 1721 1529 1763 nauicula
1571 1723 1614 1764 et
1654 1723 1743 1764 rete
1765 1730 1805 1761 ao

226 1792 460 1841 dimittunt;
488 1792 734 1846 publicanus
762 1805 784 1833 a
808 1792 974 1835 teloneo
1009 1792 1147 1848 surgit
1177 1795 1220 1835 et
1251 1792 1442 1846 sequitur
1466 1793 1740 1843 saluatorem3

172 1877 175 1883 ·
225 1863 369 1904 uolens
404 1862 638 1916 discipulus
670 1863 825 1905 reuerti
851 1863 1022 1905 domum
1049 1865 1092 1905 et
1117 1863 1205 1905 suis
1232 1864 1326 1905 ante
1350 1863 1586 1905 renuntiare
1611 1863 1742 1917 magi-

226 1933 300 1974 stri
345 1946 448 1976 uoce
492 1933 754 1987 prohibetur3
796 1934 1015 1988 sepultura
1057 1946 1137 1976 non
1183 1934 1306 1975 datur
1345 1933 1455 1987 patri
1492 1935 1534 1975 et
1570 1933 1742 1987 pietatis

344 2095 360 2129 1
391 2094 434 2129 of.
459 2095 477 2129 1
504 2094 583 2130 eor.
611 2095 667 2139 11,
694 2096 785 2130 5-6
896 2095 939 2129 14
965 2079 1009 2131 'cf.
1037 2093 1124 2130 Gen.
1152 2106 1180 2130 c.
1207 2095 1228 2130 3
1326 2095 1369 2130 16
1395 2094 1528 2130 *Mam
1554 2095 1587 2139 s,
1613 2094 1669 2130 33.
1696 2094 1740 2130 cf.

224 2152 353 2187 Matth.
382 2154 437 2197 16,
462 2153 507 2188 23
646 2153 691 2188 20
719 2153 763 2190 cf.
789 2153 921 2188 Matth.
947 2153 981 2194 4,
1008 2153 1053 2188 22
1080 2155 1147 2188 etc.
1268 2154 1311 2189 21
1340 2153 1384 2188 cf.
1409 2152 1540 2188 Matth.
1566 2154 1599 2198 9,
1625 2154 1647 2189 9
1673 2155 1740 2189 etc.

225 2211 269 2245 22
296 2212 339 2246 cf.
365 2211 450 2246 Luc.
476 2213 507 2255 9,
534 2212 675 2247 61-62
750 2212 794 2247 23
822 2212 863 2247 cf.
891 2212 1022 2249 Matth.
1051 2212 1084 2256 8,
1109 2212 1250 2247 21—22
1277 2214 1344 2247 etc.

272 2305 292 2339 3
321 2304 507 2339 exstructis
534 2305 573 2339 H
593 2306 739 2340 structis
765 2306 807 2341 N
921 2306 1037 2341 thoris
1063 2306 1136 2342 ΠΒ
1159 2306 1248 2341 totis
1274 2307 1314 2341 D
1338 2306 1423 2341 loris
1448 2306 1493 2341 N
1581 2307 1605 2342 4
1627 2306 1739 2353 mod.]

226 2362 365 2397 tinnula
396 2363 471 2398 NB
603 2365 623 2399 6
654 2364 840 2408 psimithio
872 2364 913 2399 N
942 2365 1116 2410 psinnitio
1148 2365 1184 2399 Β
1207 2365 1387 2411 psizmitio
1418 2365 1453 2400 L
1483 2365 1672 2410 psyzmitio
1701 2365 1743 2400 D

225 2421 403 2466 spizmitio
431 2421 470 2456 ΙΙ
586 2421 730 2457 sordida
757 2423 795 2457 Π
888 2424 907 2458 7
935 2424 1096 2458 oratione
1121 2423 1163 2459 N
1278 2424 1359 2459 laxa
1383 2423 1428 2458 N
1540 2424 1679 2470 poplite
1702 2424 1749 2460 N

225 2479 245 2514 9
273 2482 328 2514 est
353 2490 419 2516 om.
445 2491 469 2523 ς
525 2480 565 2514 11
592 2480 785 2525 largiemur
809 2482 845 2515 Β
870 2482 1064 2527 largiemus
1090 2482 1134 2517 N
1152 2482 1305 2528 largitur
1327 2494 1352 2527 g
1402 2482 1444 2518 13
1469 2493 1564 2528 mag.
1590 2482 1699 2518 adstr.
1717 2494 1743 2528 ς

225 2537 446 2583 abstringere
464 2538 503 2572 D
575 2550 679 2583 quam
700 2542 790 2574 uest.
811 2540 846 2574 Β
897 2541 940 2575 14
966 2541 996 2575 si
1023 2541 1101 2586 quis
1121 2541 1161 2576 N
1230 2541 1436 2587 praeposito
1454 2541 1494 2576 D
1565 2542 1739 2587 scorpius]

225 2597 362 2642 scorpio
389 2597 438 2631 sit
461 2597 505 2631 N
550 2598 593 2632 15
618 2597 782 2633 indebita
806 2599 880 2634 LD
906 2598 1022 2635 uetita
1048 2604 1111 2636 cet.
1183 2611 1304 2635 rursus
1328 2600 1372 2635 N
1438 2600 1600 2636 illidatur
1623 2600 1668 2636 N
1685 2600 1742 2635 illi

225 2656 329 2690 datur
353 2656 388 2690 B
463 2657 506 2691 16
532 2657 605 2692 sole
631 2657 670 2692 D
695 2658 793 2693 salue
819 2659 987 2703 Bp.c.m2
1081 2660 1243 2706 puluere]
1270 2670 1358 2706 pure
1375 2659 1419 2695 N
1509 2663 1604 2695 retro
1629 2671 1686 2695 me
1706 2659 1747 2695 Π

226 2715 267 2749 17
296 2717 422 2750 satana
446 2715 489 2749 N
509 2716 661 2750 sathana
685 2717 720 2751 Β
780 2717 820 2751 18
848 2719 916 2763 est]
943 2721 999 2753 est
1025 2721 1061 2753 et
1087 2720 1126 2754 Π
1147 2721 1198 2764 (et
1222 2722 1342 2763 eram),
1366 2719 1403 2753 B
1474 2718 1682 2754 anticristus
1706 2717 1742 2752 L

225 2774 269 2807 20
295 2773 555 2808 scandalizetur
579 2775 614 2809 B
745 2775 814 2810 reti
839 2787 863 2820 g
983 2778 1024 2811 21
1055 2777 1286 2812 dimittuntur
1310 2777 1345 2812 L
1477 2777 1644 2812 theloneo
1669 2776 1742 2813 LB

226 2833 268 2865 ⁴22
296 2834 403 2866 antea
427 2831 471 2866 N
560 2833 726 2867 nuntiare
754 2837 820 2876 (·c-
847 2835 897 2878 B)
923 2834 1033 2869 LNB
