1884 3254
211 255 296 295 302
754 251 904 286 Sancti
929 251 1181 295 Hieronymi

211 382 404 424 derunt
435 394 547 423 cum
581 394 635 423 eo
669 393 845 423 omnes
878 380 1032 434 pueri
1063 379 1267 422 Pharao
1300 381 1351 422 et
1382 393 1561 423 omnes
1595 381 1726 423 seni-

213 465 328 495 ores
361 453 542 494 domus
570 452 685 493 eius
719 452 770 492 et
801 450 1046 492 seniores
1079 462 1256 492 omnes
1288 451 1464 493 terrae
1490 451 1726 507 Aegypti

212 526 263 571 et
295 523 463 577 omnis
496 523 679 565 domus
710 521 904 574 Ioseph
944 523 994 563 et
1025 521 1227 563 fratres
1259 521 1392 564 eius.
1425 525 1467 564 et
1496 524 1598 576 post
1627 536 1727 577 pau-

211 594 364 635 lulum:
393 595 443 635 et
474 592 838 635 ascenderunt
870 604 982 633 cum
1010 603 1066 634 eo
1099 591 1395 647 quadrigae
1428 595 1478 635 et
1510 593 1726 647 equites

213 667 263 706 et
305 664 450 706 facta
492 665 618 705 sunt
660 664 840 704 castra
885 662 1120 717 grandia·
1156 663 1329 706 nimis.
1373 676 1420 706 ac
1466 664 1632 706 deinde:
1677 666 1729 706 et
1768 676 1786 705 5

211 735 534 788 planxerunt
555 745 667 775 eum
694 733 971 787 planctum
996 745 1244 788 magnum
1270 735 1322 775 et
1345 734 1539 776 fortem
1560 734 1728 776 nimis.

211 806 404 858 planctus
435 804 516 846 iste
543 803 759 846 sollemnis
786 816 867 846 non
892 804 1039 858 longas
1064 804 1289 859 Aegyptiis
1314 804 1496 858 imperat
1518 805 1729 857 lacrimas,

212 875 285 917 sed
314 875 472 917 funeris
498 876 705 916 monstrat
729 876 936 917 ornatum.
962 875 1079 916 iuxta
1110 887 1235 929 quem
1266 875 1439 918 modum
1464 876 1602 918 Aaron
1629 888 1730 930 quo-

211 958 290 1000 que
323 948 365 987 et
394 945 568 1000 Moysen
599 945 720 987 fletos
754 957 846 987 esse
876 944 1149 988 manifestum
1181 947 1259 988 est.
1297 959 1458 1000 nequeo
1497 946 1730 1001 scripturae

211 1015 313 1059 satis
355 1015 525 1058 laudare
569 1015 769 1069 mysteria
812 1018 854 1057 et
897 1015 1089 1058 diuinum
1133 1029 1304 1059 sensum
1353 1017 1395 1058 in
1445 1017 1586 1059 uerbis
1628 1016 1731 1059 licet
1754 1029 1790 1057 ιο

212 1086 476 1140 simplicibus
515 1086 720 1138 admirari,
758 1085 858 1140 quid
896 1086 978 1128 sibi
1013 1086 1133 1138 uelit,
1167 1087 1280 1141 quod
1309 1087 1480 1142 Moyses
1516 1088 1732 1143 plangitur

211 1159 253 1199 et
282 1158 403 1200 Iesus
434 1157 567 1207 Naue,
600 1157 665 1198 uir
696 1159 882 1209 sanctus,
914 1158 1110 1212 sepultus
1140 1158 1319 1200 refertur
1355 1161 1398 1200 et
1432 1161 1573 1201 tamen
1605 1159 1729 1202 fletus
1768 1183 1771 1185 ·

211 1240 303 1270 esse
334 1241 414 1269 non
446 1227 662 1278 scribitur3
688 1241 836 1283 nempe
867 1228 988 1279 illud,
1022 1228 1133 1283 quod
1163 1229 1206 1270 in
1232 1228 1384 1284 Moysi,
1409 1229 1454 1271 id
1479 1231 1546 1272 est
1567 1229 1609 1271 in
1635 1230 1729 1284 lege

211 1298 358 1348 ueteri,
393 1310 535 1340 omnes
567 1298 646 1340 sub
679 1299 843 1352 peccati
873 1299 1007 1341 Adam
1038 1300 1290 1341 tenebantur
1326 1299 1464 1354 elogio
1506 1301 1549 1342 et
1585 1299 1637 1342 ad
1666 1299 1728 1342 in-

210 1369 318 1411 feros
339 1368 640 1411 descendentes
660 1360 964 1423 consequenter
981 1370 1179 1412 lacrimae
1199 1370 1559 1425 prosequebantur
1583 1383 1728 1413 secun·
1751 1383 1788 1412 ιο

212 1440 311 1480 dum
355 1439 608 1492 apostolum,
649 1441 722 1494 qui
765 1441 842 1484 ait:
888 1443 939 1483 et
981 1441 1236 1496 regnauit
1280 1454 1419 1484 mors
1463 1442 1523 1498 ab
1567 1442 1729 1484 Adam

211 1522 379 1562 usque
411 1510 471 1551 ad
502 1510 720 1565 Moysen
754 1513 913 1554 etiam
955 1525 1114 1566 super
1146 1525 1249 1564 eos,
1289 1512 1511 1566 quinon
1549 1524 1730 1567 pecca-

210 1582 421 1629 uerunt3
447 1580 489 1621 in
512 1581 610 1623 Iesu
634 1593 749 1633 uero,
768 1582 813 1623 id
839 1582 971 1624 est'in
999 1582 1232 1638 euangelio,
1258 1596 1333 1637 per
1358 1596 1483 1637 quem
1509 1583 1730 1638 paradisus

213 1651 278 1691 est
315 1653 497 1704 apertus,
535 1646 714 1694 mortem
745 1652 899 1706 gaudia
935 1655 1260 1709 prosequuntur.
1293 1653 1396 1695 flent
1431 1666 1567 1708 usque
1604 1653 1729 1696 hodie

210 1721 354 1763 Iudaei
392 1723 434 1763 et
470 1722 638 1764 nudatis
675 1722 853 1777 pedibus
890 1723 932 1765 in
971 1723 1108 1766 cinere
1147 1724 1329 1766 uolutati
1367 1737 1489 1767 sacco
1527 1725 1729 1767 incubant
1753 1736 1790 1765 ao

210 1803 271 1842 ac,
297 1805 346 1833 ne
374 1792 472 1846 quid
504 1792 613 1834 desit
644 1793 947 1847 superstitioni,
975 1807 1023 1836 ex
1047 1794 1131 1836 ritu
1157 1795 1388 1837 uanissimo
1413 1795 1730 1849 pharisaeorum

209 1862 392 1915 primum
437 1863 578 1905 cibum
621 1864 748 1907 lentis
792 1865 1003 1919 accipiunt
1044 1864 1246 1907 uidelicet
1289 1866 1572 1918 ostendentes,
1617 1866 1732 1920 quali

327 1989 351 2023 4
375 1987 484 2024 *Gen.
510 1989 566 2032 50,
592 1990 613 2024 9
688 1991 709 2024 5
736 1989 850 2026 *Gen.
877 1991 933 2035 50,
962 1991 1007 2027 10
1079 1991 1100 2026 8
1128 1991 1172 2026 cf.
1197 1991 1302 2028 Num.
1329 1992 1387 2036 20,
1413 1993 1470 2028 30.
1495 1993 1604 2028 Dent.
1622 1993 1681 2035 34,
1708 1993 1729 2028 8

213 2047 253 2082 11
282 2047 326 2082 cf.
352 2048 459 2085 Dent.
485 2049 541 2089 34,
569 2049 590 2083 8
666 2050 708 2084 12
735 2049 778 2085 cf.
803 2050 874 2085 Ios.
902 2041 1031 2094 24,*30
1066 2103 1067 2106 Ἴ
1106 2051 1149 2086 16
1175 2051 1298 2086 *Rom.
1325 2051 1358 2095 5,
1386 2051 1430 2086 14
1497 2052 1542 2086 22
1570 2052 1613 2087 cf.
1640 2051 1730 2087 Gen.

210 2106 268 2147 25,
294 2107 435 2141 31—34

262 2188 278 2221 1
307 2188 403 2223 farao
429 2189 473 2223 K
494 2189 650 2225 faraonis
679 2190 756 2226 GP
780 2191 996 2236 pharahonis
1022 2192 1119 2229 Σα.ν.
1146 2192 1339 2238 pharaonis
1367 2193 1538 2238 ZPmDB
1647 2195 1730 2228 et·—

213 2244 289 2279 eius
314 2255 380 2281 om.
406 2246 445 2280 D
589 2248 654 2282 alt.
680 2259 802 2284 omnes
827 2261 894 2285 om.
921 2250 986 2285 ΣΒ
1105 2251 1127 2285 2
1153 2262 1275 2286 omnes
1303 2251 1338 2287 G
1363 2257 1439 2287 oms
1463 2252 1504 2287 D
1529 2252 1643 2287 omnis
1668 2256 1729 2287 cet.

213 2303 235 2338 3
262 2305 299 2338 et
323 2305 449 2350 omnis]
477 2307 514 2340 et
537 2306 699 2352 uirginae
725 2310 835 2353 (exp.)
861 2310 898 2344 et
922 2320 1047 2344 omnes
1071 2310 1116 2345 K
1183 2311 1206 2345 4
1232 2322 1311 2345 cum
1336 2322 1404 2346 om.
1436 2310 1473 2346 Ψ
1578 2311 1731 2357 quadra-

214 2362 318 2407 ginta
334 2363 369 2397 Ψ
418 2365 438 2398 5
454 2375 494 2399 ac
509 2364 806 2412 deinde—nimis]
817 2369 982 2412 postlin.
997 2370 1022 2403 8
1035 2371 1197 2404 ornatum
1212 2371 1333 2413 (corr.)
1347 2370 1384 2404 B
1439 2371 1460 2406 6
1474 2381 1553 2405 eum
1574 2373 1667 2413 (cum
1682 2370 1731 2416 B)

214 2420 360 2465 planctu
384 2432 513 2466 magno
542 2425 578 2457 et
596 2423 680 2458 forti
701 2425 803 2460 ΣΒΒ
857 2427 879 2461 8
900 2427 1019 2472 quem]
1046 2439 1151 2472 quem
1177 2428 1222 2462 ad
1238 2428 1376 2464 KZa.c.
1456 2440 1541 2463 aron
1560 2428 1734 2464 Ka.c.m2

212 2479 234 2514 9
263 2481 328 2513 sat.
355 2490 421 2516 scr.
447 2481 551 2515 ΣΒΒ
610 2484 649 2518 11
680 2484 766 2528 quid
792 2485 1002 2530 sibi—303,
1031 2489 1054 2521 4
1080 2487 1301 2532 contristari]
1322 2491 1408 2532 post
1436 2490 1524 2532 303,
1551 2490 1603 2523 24
1627 2488 1733 2522 mini-

216 2540 327 2572 strare
352 2539 388 2573 B
474 2541 517 2574 12
544 2541 620 2576 iesu
646 2542 729 2577 ΚΨ
751 2544 853 2578 hiesu
879 2545 938 2590 (ex
962 2545 1052 2580 hesu
1076 2548 1150 2589 ⁷²22)
1177 2547 1211 2581 Σ
1286 2547 1328 2581 13
1355 2548 1497 2592 nempe]
1523 2558 1640 2592 neque
1666 2546 1733 2582 ΣΒ

214 2596 305 2632 illud
325 2600 381 2633 est
393 2598 473 2634 KP
539 2601 651 2646 moysi
664 2602 732 2636 ΣΙ)
751 2604 812 2647 (cf.
829 2603 880 2638 ad
894 2606 976 2646 301,
990 2605 1051 2651 12)
1069 2616 1192 2650 moyse
1207 2609 1269 2641 cet.
1335 2607 1408 2641 net.
1427 2606 1508 2651 lege
1522 2606 1558 2640 B
1608 2606 1652 2640 14
1666 2605 1731 2640 sub

216 2667 250 2700 p.
277 2655 333 2691 ad.
359 2668 479 2693 omnes
503 2669 528 2703 g
600 2670 722 2694 omnes
748 2671 815 2695 om.
848 2662 885 2696 Ψ
953 2666 1100 2708 peccato
1126 2663 1282 2705 K,Ba.c.
1358 2664 1403 2699 ad
1427 2676 1454 2700 s.
1481 2665 1504 2700 l.
1529 2676 1574 2700 m.
1599 2675 1668 2700 ree.
1698 2663 1736 2699 Ψ

219 2715 261 2749 15
288 2714 562 2752 descendentem
590 2718 727 2754 Σα.ο.Β
818 2721 861 2755 19
887 2724 1121 2765 prosecuntur
1144 2723 1246 2768 Bp.o.
1342 2723 1378 2760 fl.
1404 2725 1450 2769 u.]
1476 2723 1676 2770 flenturque
1699 2723 1733 2759 G

216 2774 414 2819 flentesque
439 2775 478 2810 D
549 2777 595 2812 20
619 2777 656 2812 in
682 2778 798 2813 cinere
822 2791 850 2814 s.
878 2780 899 2814 l.
927 2780 961 2814 B
1042 2781 1216 2817 uolutatis
1241 2782 1381 2818 Σα.ο.Β
1405 2782 1612 2818 uolutantes
1637 2783 1732 2828 Σμο.

215 2833 258 2866 21
289 2834 342 2878 ex]
371 2836 407 2869 et
431 2834 475 2870 K
567 2837 760 2872 uanissimo
787 2848 856 2872 om.
885 2839 917 2873 G
990 2840 1034 2874 22
1061 2841 1183 2886 lentis]
1210 2843 1376 2876 tenentes
1401 2842 1603 2877 Za.c.m2D
