1884 3254
0 0 41 304 ς

0 400 23 444 ⁵²⁵.

560 262 767 314 Epistula
791 268 904 303 XLIX
930 269 1110 314 (XLVIII)
1139 270 1231 304 7-8
1572 274 1655 315 361

127 398 209 440 hoc
242 409 432 440 sermone
466 397 771 439 conclusimus:
806 397 895 438 ubi
929 397 1116 440 bonum
1151 401 1198 441 et
1231 398 1428 441 melius
1461 402 1553 448 est,
1580 400 1631 442 ib

128 468 251 510 boni
279 469 330 510 et
354 456 602 510 melioris
630 479 726 509 non
755 480 909 509 unum
939 470 1022 510 est
1047 469 1659 524 p1·aemium;etubinon

127 551 284 580 unum
322 538 632 592 praemium,
672 538 748 579 ibi
787 538 979 592 utique
1019 539 1154 582 dona
1186 540 1418 598 diuersa.
1451 543 1660 584 tantum

128 611 211 650 est
242 609 417 664 igitur
447 609 592 650 inter
624 609 846 662 nuptias
889 611 941 651 et
971 610 1370 665 uirginitatem,
1403 615 1660 666 quantum

1 682 17 738 ᾗ
85 679 270 722 5inter
311 693 409 722 non
453 692 681 734 peccare
720 682 771 722 et
810 680 1148 732 benefacere,
1187 682 1358 734 immo,
1391 685 1449 725 ut
1478 683 1660 725 leuius

128 750 313 801 dicam,
347 752 604 805 quantum
635 751 781 793 inter
811 751 1005 794 bonum
1039 754 1090 794 et
1121 752 1330 794 melius.

186 822 226 863 8.
253 822 381 864 Porro
419 821 461 863 in
502 822 877 876 consequentibus,
911 835 1007 865 cum
1046 823 1246 866 dicimus:
1281 823 1446 866 finita
1486 823 1661 878 dispu-

125 892 340 935 tatione
361 893 742 948 coniugiorum
764 896 814 936 et
841 894 1194 950 uirginitatis
1222 896 1272 937 et
1298 895 1441 937 inter
1465 897 1660 937 utrum-

127 976 226 1017 que
271 965 428 1006 cauto
474 964 835 1006 moderamine
884 967 1314 1018 praeceptorum,
1357 967 1415 1007 ut
1458 978 1552 1007 nec
1596 965 1658 1006 ad

19 1038 23 1061 ῑ
65 1047 101 1076 10
130 1034 414 1077 sinistram
439 1047 534 1077 nec
560 1035 621 1076 ad
654 1035 891 1077 dextram
926 1035 1246 1085 diuerteret,
1276 1035 1365 1077 sed
1397 1035 1487 1077 uia
1511 1035 1661 1091 regia

126 1105 445 1159 graderetur
471 1107 522 1147 et
544 1105 685 1147 illud
711 1105 969 1159 inpleret:
997 1109 1070 1148 ‘ne
1098 1106 1172 1148 sis
1199 1107 1422 1149 multum
1448 1105 1657 1153 iustus?⁷

124 1188 338 1218 rursum
358 1175 747 1230 monogamiam
775 1176 1045 1231 digamiae
1074 1179 1332 1231 conparat
1357 1179 1419 1228 et,
1449 1189 1654 1231 quomo-

125 1246 184 1287 do
203 1246 421 1300 nuptias
440 1246 1511 1302 subdideratuirginitati,itadigamiam
1530 1259 1652 1301 nup-

123 1317 222 1358 tiis
244 1316 464 1367 subicit,
485 1329 619 1359 nonne
637 1317 857 1371 perspicue
873 1317 1150 1369 ostendimus,
1167 1330 1272 1372 quae
1294 1318 1351 1360 sit
1370 1318 1411 1359 in
1433 1317 1655 1372 scripturis

64 1401 100 1430 15
125 1388 282 1430 sanctis
316 1388 502 1440 sinistra,
536 1400 642 1442 quae
675 1387 831 1439 dextra,
860 1391 902 1429 et
934 1388 1032 1442 quid
1068 1379 1298 1443 significet:
1331 1401 1392 1430 ne
1425 1389 1501 1430 sis
1535 1389 1659 1430 mul-

125 1461 234 1501 tum
278 1460 490 1501 iustus?
532 1459 644 1513 quod
680 1459 884 1501 uidelicet
921 1459 1092 1501 sinistra
1130 1459 1197 1511 sit,
1234 1460 1271 1501 si
1315 1459 1566 1502 Iudaeorum
1611 1460 1652 1500 et

125 1530 349 1586 gentilium
382 1542 608 1584 sequamur
631 1529 849 1571 libidinem
879 1532 921 1571 et
948 1543 1112 1583 semper
1138 1532 1383 1572 aestuemus
1412 1530 1464 1572 ad
1491 1529 1651 1571 coitum

125 1600 280 1651 dextra,
314 1600 350 1642 si
380 1600 701 1642 Manicheorum
734 1613 962 1654 sequamur
994 1613 1174 1642 errorem
1207 1602 1249 1642 et
1280 1600 1505 1643 simulatae
1537 1599 1655 1654 pudi-

125 1671 249 1713 citiae
294 1671 456 1713 retibus
500 1671 764 1726 inplicemur,
803 1672 874 1713 uia
918 1674 1057 1714 autem
1098 1671 1213 1726 regia
1258 1671 1314 1713 sit
1355 1671 1416 1713 ita
1460 1671 1666 1725 adpetere

64 1756 101 1784 20
125 1742 429 1797 uirginitatem,
474 1755 524 1783 ne
569 1742 740 1796 nuptiae
786 1742 1126 1784 condemnentur.
1170 1744 1384 1796 praeterea
1429 1741 1522 1795 quis
1567 1743 1652 1783 tam

126 1813 297 1867 iniquus
330 1825 520 1855 meorum
555 1813 858 1866 opusculorum
885 1812 1010 1854 iudex
1036 1812 1127 1862 erit,
1156 1818 1205 1854 ut
1230 1812 1365 1866 prima
1391 1811 1658 1853 matrimonia

127 1884 322 1926 damnare
354 1896 420 1924 me
453 1883 578 1934 dicat,
613 1896 707 1925 cum
741 1883 866 1924 etiam
902 1883 952 1924 de
986 1882 1182 1924 secundis
1210 1882 1368 1936 nuptiis
1403 1882 1557 1924 dixisse
1589 1894 1656 1923 me

126 1954 305 2009 legerit?
346 1953 599 1996 concedit
643 1954 934 2007 apostolus
981 1953 1247 1996 secundas
1292 1953 1526 2006 nuptiae,
1567 1952 1658 1994 sed

251 2118 266 2151 1
297 2116 378 2150 adu.
405 2116 481 2150 Iou.
507 2116 525 2150 I
552 2115 595 2150 13
647 2117 666 2151 7
694 2115 774 2150 adu.
801 2115 876 2150 Iou.
902 2115 919 2149 I
948 2115 992 2150 14
1043 2116 1098 2150 11.
1123 2115 1165 2150 15
1194 2115 1333 2150 *Eccle.
1356 2115 1388 2159 7,
1412 2115 1451 2149 17
1503 2115 1549 2149 23
1576 2113 1658 2149 adu.

131 2174 206 2209 lou.
233 2175 251 2209 Ι
279 2175 323 2209 14
1418 2177 1420 2179 ’

178 2269 199 2303 2
225 2269 390 2305 meliores
415 2270 452 2304 E·
525 2260 549 2303 3'
571 2270 646 2314 un.]
675 2281 734 2304 un.
763 2270 818 2303 est
842 2268 877 2302 B
904 2270 961 2303 est
986 2279 1047 2302 un.
1071 2279 1095 2312 g
1167 2268 1291 2313 itaque
1317 2268 1352 2302 A
1427 2267 1499 2304 diu.
1526 2267 1619 2302 dona
1639 2269 1659 2302 ἕ

130 2329 152 2361 4
178 2330 234 2362 est
259 2328 320 2373 ig.]
347 2329 395 2373 ig.
421 2329 575 2363 interest
598 2339 622 2372 ς
723 2328 818 2363 inter
842 2339 869 2363 s.
898 2327 920 2361 l.
947 2330 1010 2362 m2
1034 2326 1078 2361 K
1147 2328 1166 2362 7
1195 2328 1441 2372 porro—362,
1467 2329 1514 2361 14
1539 2328 1663 2372 potest

131 2397 198 2423 om.
219 2399 254 2433 ψ
327 2398 404 2422 cum
432 2388 516 2433 dic]
544 2387 607 2422 ubi
633 2387 784 2423 diximus
803 2388 840 2422 B
913 2387 1018 2432 disp]
1046 2386 1132 2422 add.
1161 2389 1198 2422 et
1221 2386 1256 2420 ‘I‘
1305 2386 1326 2421 8
1354 2386 1419 2421 alt.
1447 2387 1497 2430 et]
1526 2396 1594 2421 om.
1615 2385 1660 2424 Α,

131 2449 173 2481 ut
196 2458 220 2491 ς
315 2448 468 2492 utraque
494 2446 686 2491 AD,]Ip.c.'
761 2447 782 2481 9
810 2448 913 2482 caute
939 2446 978 2480 D
1049 2447 1105 2491 ut]
1134 2445 1195 2490 qui
1221 2447 1345 2490 (eras.)
1370 2447 1412 2480 ut
1435 2445 1485 2488 D,
1511 2455 1579 2480 om.
1605 2445 1663 2489 ¹1¹5·

133 2506 191 2551 ad]
218 2518 239 2541 a
263 2506 298 2541 A
397 2506 441 2542 10
467 2506 646 2541 dexteram
673 2505 824 2541 AIIDB
921 2506 961 2540 11
993 2505 1204 2551 grederetur
1229 2505 1267 2540 D
1388 2505 1472 2539 iust.
1498 2504 1599 2539 mult.
1629 2504 1666 2538 Π

135 2566 178 2600 12
203 2577 324 2601 rursus
349 2566 463 2600 AHD
534 2565 763 2611 monogamia
787 2565 860 2599 iam
879 2564 1031 2610 Kp.e.¹1‘
1091 2565 1134 2599 13
1160 2563 1362 2600 subdidexit
1388 2563 1424 2598 ¹1¹
1447 2563 1609 2598 subdidit
1627 2563 1663 2596 B

135 2625 178 2660 14
205 2624 360 2660 subiecit
385 2625 420 2659 B
493 2625 689 2670 scripturae
715 2624 792 2659 AD
843 2625 886 2659 15
914 2634 1006 2668 quac
1034 2623 1172 2668 dextra]
1202 2623 1396 2668 dextraque
1423 2625 1443 2657 ‹3›
1519 2621 1663 2656 dextera

134 2683 283 2719 AIIDB
339 2685 382 2719 16
408 2683 483 2718 iud.
510 2685 547 2718 et
573 2686 671 2729 gent.
698 2684 727 2718 si
755 2683 829 2718 AD
902 2683 933 2718 si
958 2693 985 2718 s.
1014 2683 1036 2717 l.
1064 2682 1107 2717 K
1162 2682 1205 2717 17
1234 2684 1270 2716 et
1295 2693 1362 2716 om.
1389 2681 1464 2715 AD
1515 2679 1557 2714 18
1579 2679 1662 2714 dex-

135 2744 224 2778 tram
252 2743 294 2777 K
365 2754 481 2778 errore
507 2743 546 2777 D
619 2743 789 2778 simulata
815 2742 990 2788 pudicitia
1015 2753 1059 2786 g;
1085 2741 1171 2776 add.
1198 2740 1437 2786 inpudicitiae
1457 2738 1661 2782 AD,IIs.l.

138 2802 180 2837 19
205 2803 259 2837 ita
284 2813 351 2838 om.
379 2802 413 2836 A
458 2800 461 2803 ’
540 2802 586 2836 22
613 2802 750 2848 nuptiis
776 2812 843 2837 om.
871 2801 946 2836 AD
1090 2811 1146 2835 me
1173 2799 1242 2834 dix.
1269 2800 1303 2833 B
1431 2799 1475 2833 23
1502 2798 1565 2832 sed
1592 2797 1663 2832 uol.

137 2871 204 2896 om.
230 2864 251 2896 Ξ
