1884 3254
269 211 354 254 118
810 207 963 243 Sancti
987 206 1242 253 Hieronymi

327 341 364 383 6.
398 337 491 391 Qui
523 338 703 380 diuisit
735 337 807 380 eis
839 336 1193 379 substantiam.
1223 335 1531 390 significantius
1555 336 1600 377 in
1627 334 1793 381 Graeco

265 410 422 466 legitur
452 409 591 451 διεῖλεν
623 406 755 455 αὐτοῖς
784 408 850 448 τὸν
879 409 976 462 βίον,
1003 406 1047 448 id
1079 408 1157 455 est,
1192 405 1308 447 dedit
1337 405 1518 447 liberum
1551 405 1791 465 arbitrium,

267 480 384 525 dedit
413 478 563 523 mentis
595 478 785 533 propriae
816 477 1095 527 uoluntatem,
1121 478 1168 519 ut
1193 475 1358 518 uiueret
1389 475 1680 529 unusquisque
1705 488 1787 518 non

268 564 315 594 ex
345 550 517 605 imperio
545 549 624 598 dei,
659 548 734 591 sed
758 561 805 590 ex
832 547 1033 601 obsequio
1061 559 1154 597 suo,
1180 545 1223 587 id
1250 548 1315 588 est
1339 558 1420 588 non
1447 559 1494 589 ex
1519 546 1786 597 necessitate,

268 621 343 665 sed
379 633 427 662 ex
462 619 697 669 uoluntate,
739 620 784 660 ut
820 617 958 660 uirtus
991 617 1165 675 haberet
1194 617 1349 670 locum,
1378 618 1428 659 ut
1459 630 1484 659 a
1514 617 1664 660 ceteris
1697 617 1785 659 ani-
1828 629 1850 661 ⁶

267 690 480 733 mantibus
519 689 785 738 distaremus,
825 687 925 729 dum
963 687 1016 729 ad
1053 687 1292 741 exemplum
1328 686 1392 730 dei
1432 687 1686 742 permissum
1723 689 1790 730 est

265 760 386 803 nobis
418 760 566 811 facere,
599 758 710 812 quod
742 758 938 800 uelimus.
964 757 1075 800 unde
1107 759 1149 800 et
1178 757 1221 799 in
1246 759 1487 812 peccatores
1520 770 1702 811 aequum
1725 757 1787 799 iu-

268 830 424 872 dicium
458 831 499 871 et
530 828 573 871 in
606 830 774 871 sanctos
807 830 881 871 aut
911 828 954 870 in
985 827 1123 870 iustos
1154 827 1390 882 praemium
1422 827 1690 870 retribuetur.

327 901 365 943 7.
398 899 458 941 Et
495 911 586 942 non
626 900 742 953 post
772 899 962 941 multos
995 897 1103 941 dies
1137 898 1372 940 collectis
1406 898 1641 940 omnibus
1674 897 1788 940 adu-

265 969 542 1013 lescentior
584 969 732 1012 filius
763 981 976 1024 peregre
1014 968 1277 1023 profectus
1323 971 1401 1011 est
1442 969 1492 1010 in
1534 968 1785 1029 regionem
1811 979 1854 1012 ιο-

265 1040 605 1096 longinquam.
647 1039 683 1082 si
721 1039 824 1083 deus
855 1042 971 1082 tenet
1003 1039 1169 1082 caelum·
1196 1040 1336 1093 palmo
1370 1041 1412 1082 et
1442 1041 1596 1082 terram
1626 1039 1788 1094 pugillo

267 1113 309 1152 et
339 1110 573 1152 Hieremias
607 1109 730 1151 dicit:
764 1109 889 1152 deus.
917 1108 1322 1163 adpropinquans
1364 1111 1412 1151 et
1442 1122 1534 1151 non
1575 1109 1694 1158 deus
1732 1109 1788 1151 de

265 1180 555 1235 longinquo,
588 1193 662 1234 per
693 1179 834 1223 Dauid
865 1192 1047 1234 quoque,
1081 1180 1180 1234 quia
1209 1181 1352 1223 nullus
1384 1181 1544 1234 absque
1583 1193 1630 1223 eo
1667 1181 1788 1223 locus

266 1251 336 1302 sit,
367 1250 644 1305 praedicatur,
672 1249 881 1303 quomodo
908 1250 1021 1292 filius
1046 1262 1219 1305 peregre
1250 1250 1532 1305 proficiscitur
1557 1252 1600 1292 et
1624 1263 1648 1292 a
1671 1253 1789 1304 patre

267 1320 476 1363 discedit?
519 1320 740 1367 sciendum
783 1320 915 1375 igitur
954 1333 1039 1363 -non
1082 1320 1271 1363 locorum
1316 1321 1479 1375 spatiis,
1518 1321 1594 1364 sed
1637 1321 1849 1364 affectum

265 1393 338 1433 aut
376 1403 468 1433 esse
506 1403 582 1433 nos
622 1404 718 1434 cum
756 1391 832 1433 deo
872 1393 946 1434 aut
983 1391 1033 1434 ab
1074 1403 1121 1433 eo
1163 1391 1400 1434 abscedere.
1436 1391 1645 1446 quomodo
1679 1391 1791 1434 enim

267 1461 319 1503 ad
351 1460 583 1516 discipulos
615 1461 824 1515 loquitur:
858 1474 972 1504 ecce
1005 1474 1093 1517 ego
1127 1461 1394 1505 uobiscum
1427 1475 1532 1505 sum
1561 1461 1788 1506 omnibus

267 1531 445 1574 diebus
484 1544 643 1586 usque
676 1532 733 1574 ad
766 1532 1249 1575 consummationem
1288 1533 1494 1584 saeculi,
1526 1533 1588 1576 ita
1617 1532 1670 1592 ad
1701 1545 1787 1582 eos,

267 1601 340 1654 qui
372 1602 439 1643 sui
469 1602 711 1644 iactantiam
737 1603 977 1656 praeferunt
1009 1605 1051 1645 et
1083 1616 1175 1646 esse
1208 1616 1304 1645 cum
1331 1603 1499 1647 domino
1524 1617 1606 1646 non
1630 1616 1788 1646 meren-

265 1674 348 1727 tur,
382 1672 502 1715 dicit:
536 1673 785 1715 discedit-e
818 1686 842 1715 a
873 1686 959 1725 me,
993 1686 1084 1716 non
1116 1674 1236 1717 noui
1268 1687 1370 1727 uos,
1399 1675 1482 1728 qui
1514 1673 1787 1729 operamini
1811 1684 1851 1714 20

265 1742 605 1796 iniquitatem.

326 1814 365 1856 8.
406 1813 601 1856 Recessit
639 1826 736 1869 ergo
776 1815 915 1857 iunior
950 1814 1065 1857 filius
1105 1827 1202 1857 cum
1241 1828 1318 1858 sua
1350 1816 1587 1859 substantia
1617 1829 1641 1858 a
1671 1817 1789 1871 patre
1865 1820 1868 1822 ’

384 1938 401 1972 1
426 1939 533 1974 *Luc
552 1939 666 1984 15,12
715 1940 738 1974 4
759 1939 802 1975 cf.
822 1940 976 1975 Philem.
995 1941 1038 1976 14
1087 1943 1109 1978 9
1131 1942 1239 1979 *Luc.
1256 1941 1310 1986 15,
1326 1942 1370 1977 13
1421 1942 1462 1977 11
1486 1941 1529 1977 cf.
1548 1942 1644 1977 Esai.
1663 1943 1722 1984 40,
1743 1942 1787 1977 12

267 1996 311 2031 12
330 1997 449 2032 *Hier.
470 1997 528 2042 23,
554 1997 601 2034 23
651 1998 695 2033 13
722 1998 766 2033 cf.
792 1999 853 2036 Ps.
880 1999 937 2043 23,
965 2000 981 2034 1
1036 2000 1079 2035 17
1105 2000 1238 2038 Matth.
1264 2001 1321 2043 28,
1347 2001 1394 2036 20
1442 2001 1489 2036 20
1515 2000 1667 2038 *Matth.
1689 2002 1721 2045 7,
1742 2000 1787 2036 23

315 2079 331 2113 1
359 2079 431 2114 illis
458 2082 487 2123 (s
514 2081 622 2124 eras.)
647 2081 680 2115 Σ
760 2080 782 2115 2
806 2081 955 2127 legitur]
983 2081 1115 2118 dicitur
1144 2082 1228 2125 WQ
1325 2081 1444 2118 διεῖλεν
1471 2083 1587 2124 αὐτοῖς
1611 2084 1670 2117 τὸν
1697 2082 1785 2128 βίον]

267 2147 333 2172 om.
366 2137 405 2183 Q,
431 2139 538 2174 uarie
561 2140 735 2184 scriptum
760 2141 802 2176 in
827 2144 890 2176 cet.
964 2140 1079 2187 dedit]
1107 2152 1134 2177 s.
1162 2143 1185 2177 l.
1211 2142 1238 2176 A
1265 2141 1366 2180 dedit
1391 2142 1441 2177 eis
1459 2153 1484 2187 g
1532 2143 1554 2178 3
1573 2142 1661 2187 uol.]
1681 2142 1788 2177 liber-

264 2198 379 2231 tatem
404 2197 440 2231 B
548 2200 584 2233 et
608 2200 649 2233 ut
674 2198 779 2234 ΣΒΒ
873 2200 897 2234 4
924 2201 991 2236 alt.
1017 2211 1057 2236 ex
1082 2211 1149 2236 om.
1177 2201 1281 2236 ΣΒΒ
1376 2201 1397 2235 5
1416 2212 1478 2246 pr.
1503 2203 1546 2236 ut
1569 2211 1597 2236 8.
1624 2201 1648 2236 l.
1673 2202 1736 2236 m2
1761 2201 1796 2236 Σ

266 2255 412 2290 uirtutis
438 2257 471 2290 Σ
539 2257 604 2292 alt.
631 2257 686 2302 ut]
713 2259 750 2292 et
774 2259 816 2293 ut
839 2260 901 2294 m2
925 2259 962 2294 B
1035 2270 1056 2295 a
1081 2270 1149 2297 om.
1181 2260 1233 2295 W
1289 2260 1311 2295 6
1337 2259 1490 2296 distaret
1509 2260 1576 2295 ΣΒ
1637 2260 1657 2295 7
1683 2258 1787 2295 nobis

267 2323 334 2350 om.
367 2313 397 2355 Q
527 2315 694 2350 uenimus
719 2317 817 2352 Σα.ν.
949 2318 1201 2363 peccatoribus
1230 2318 1260 2361 Q
1379 2320 1400 2355 8
1427 2319 1478 2364 et]
1503 2322 1568 2368 aut
1590 2319 1618 2354 A
1750 2319 1786 2353 in

267 2371 401 2409 sanctis
433 2372 463 2414 Q
487 2373 582 2408 inser
612 2373 663 2409 W
767 2377 829 2410 aut
853 2375 1008 2411 iniustos
1033 2378 1060 2411 A
1086 2379 1149 2412 aut
1173 2377 1211 2412 in
1236 2379 1440 2423 (utrumque
1465 2377 1548 2422 del.)
1571 2378 1707 2412 iustum
1731 2379 1790 2422 (ex

267 2430 392 2473 istum)
413 2431 455 2465 X
478 2433 542 2466 aut
569 2435 646 2474 (aut
671 2443 764 2470 erae.
785 2434 831 2478 Σ)
857 2434 992 2469 iustum
1016 2435 1099 2470 WZ
1113 2438 1149 2471 et
1173 2436 1279 2471 iustis
1305 2436 1335 2478 Q
1357 2436 1492 2472 iustum
1510 2436 1586 2471 DB
1611 2438 1649 2472 et
1671 2436 1788 2472 iustos
1810 2439 1814 2443 '

267 2488 402 2524 iustum
426 2501 450 2534 g
569 2491 781 2526 retribuitur
812 2492 936 2528 WXB
961 2494 1134 2529 tribuitur
1157 2495 1196 2529 D
1220 2495 1478 2530 retribueretur
1501 2506 1525 2540 ς
1622 2494 1666 2530 10
1690 2494 1786 2529 filius

265 2557 294 2583 s.
322 2547 344 2582 l.
369 2549 431 2582 m2
456 2548 489 2583 Σ
533 2549 573 2584 11
603 2550 691 2585 cael.
716 2552 788 2585 ten.
816 2551 848 2585 Σ
913 2554 1010 2587 terra
1040 2552 1091 2587 W
1144 2553 1187 2588 13
1214 2554 1297 2599 qnia
1321 2564 1364 2589 ex
1389 2565 1494 2599 qnam
1520 2554 1562 2588 X
1629 2554 1709 2588 loco
1740 2553 1793 2588 W

270 2606 314 2641 14
336 2617 485 2652 peregre
511 2618 578 2644 om.
611 2607 641 2649 Q
732 2609 775 2644 15
802 2611 856 2644 est
880 2610 994 2655 igitur
1020 2613 1045 2645 A
1139 2612 1182 2646 16
1207 2611 1400 2650 abscedere
1422 2611 1580 2654 AWXQ
1603 2612 1698 2648 disc·
1723 2615 1786 2647 cet.

269 2665 311 2700 17
339 2664 384 2700 ad
409 2676 452 2701 ex
477 2677 498 2701 a
521 2668 584 2702 m2
608 2666 691 2702 WB
765 2679 830 2714 ego
857 2679 924 2704 om.
949 2669 999 2704 W
1059 2672 1102 2705 19
1128 2671 1314 2716 proferunt
1334 2672 1367 2706 Σ
1435 2671 1501 2707 deo
1527 2671 1594 2714 QB
1653 2671 1700 2707 20
1725 2672 1787 2717 qui

268 2734 324 2768 op.
345 2723 392 2758 in.
412 2735 484 2760 non
504 2725 591 2760 noui
610 2736 677 2764 uos
701 2725 731 2768 Q
803 2730 994 2772 operantur
1018 2729 1069 2764 W
1112 2729 1158 2764 22
1178 2741 1242 2764 sua
1262 2730 1375 2765 subet.
1393 2729 1605 2774 Aa.c.m2‚Q
1623 2741 1688 2765 sua
1706 2731 1785 2765 uni-

269 2790 372 2817 uersa
398 2782 511 2819 subst.
531 2784 791 2829 Ap.c.m2‚X,B
818 2788 898 2827 (sua
922 2790 1042 2830 eras),
1068 2788 1165 2823 uniu.
1188 2789 1300 2824 subst.
1321 2799 1386 2824 sua
1403 2789 1437 2824 Σ
1451 2789 1548 2824 uniu.
1568 2789 1681 2824 subst.
1699 2788 1787 2825 WD
