1884 3254
643 224 848 270 Epistula
872 223 956 259 XVI
983 224 1074 259 1—2
1570 227 1624 268 69

20 342 42 406 J
100 354 244 395 cutore
282 351 331 394 fit
360 352 642 407 praedicator;
675 354 811 396 oculis
845 353 1084 396 carnalibus
1118 355 1376 404 excaecatur,
1409 354 1459 395 ut
1488 356 1631 395 mente

27 414 38 482 f
98 423 195 478 plus
233 423 392 475 uideat,
431 425 474 466 et
510 423 583 478 qui
619 424 787 467 uinctos
821 423 979 467 Christi
1016 424 1200 466 famulos
1234 423 1417 466 ducebat
1448 422 1500 464 ad
1532 435 1630 465 con-

28 511 36 546 g
99 494 245 536 cilium
284 494 548 546 Iudaeorum,
586 494 678 548 ipse
715 497 864 549 postea
902 495 951 537 de
991 493 1148 537 Christi
1186 494 1371 536 uinculis
1411 494 1629 549 gloriatur.

159 567 200 607 2.
220 565 310 620 Ego
330 565 475 620 igitur,
502 572 551 607 ut
576 567 672 607 ante
697 565 782 608 iam
809 566 973 621 scripsi,
1002 565 1160 609 Christi
1186 568 1351 607 uestem
1378 564 1421 607 in
1441 564 1633 608 Romana

56 649 77 678 ο
100 635 203 678 urbe
236 635 472 690 suscipiens
499 649 609 679 nunc
633 636 810 680 barbaro
838 637 982 692 Syriae
1006 636 1144 679 limite
1169 639 1326 679 teneor.
1361 638 1403 678 et
1429 648 1479 678 ne
1505 637 1631 690 putes

37 707 42 711 ’
103 706 276 749 'alterius
307 706 415 748 hanc
448 706 498 749 de
523 719 590 748 me
616 707 750 750 fuisse
777 707 1042 758 sententiam,
1069 706 1171 761 quid
1197 719 1390 757 mererer,
1416 707 1508 761 ipse
1535 719 1632 749 con-

39 779 42 781 ’
102 776 236 820 stitui.
268 789 433 829 uerum,
464 778 515 818 ut
547 777 606 818 ait
637 777 808 833 gentilis
839 779 979 832 poeta:
1013 777 1236 828 caelum,
1269 789 1367 819 non
1401 776 1632 819 animum

27 882 30 883 γ
101 849 288 898 mutat,
320 847 411 901 qui
442 849 591 890 trans
623 861 776 890 mare>
797 847 982 898 currit,
1015 847 1076 888 ita
1107 860 1175 888 me
1200 846 1468 890 incessabilis
1494 846 1634 888 inimi-

22 935 29 939 *
102 931 178 961 cus
216 920 464 973 postergum
515 921 688 961 secutus
721 920 818 969 est,
868 920 918 959 ut
960 917 1120 959 maiora
1161 917 1204 959 in
1250 917 1477 960 solitudine
1520 917 1635 959 bella

41 1001 79 1030 10
103 1001 212 1031 nunc
244 988 390 1043 patiar.
421 988 519 1030 hinc
552 988 662 1031 enim
698 988 922 1043 praesidiis
963 988 1072 1030 fulta
1109 987 1257 1029 mundi
1288 987 1465 1029 Arriana
1495 988 1634 1030 rabies

24 1055 41 1119 ζ’
102 1059 262 1108 fremit;
296 1058 394 1100 hinc
426 1057 468 1100 in
500 1060 586 1100 tres
623 1059 764 1111 partes
797 1058 933 1100 scissa
965 1057 1146 1100 ecclesia
1179 1057 1231 1099 ad
1263 1069 1308 1099 se
1339 1070 1484 1112 rapere
1516 1057 1635 1100 festi-

14 1122 48 1182 ἶ·
103 1131 187 1173 nat.
219 1129 522 1172 monachorum
560 1128 672 1171 circa
710 1128 1068 1171 commanentium
1106 1128 1294 1183 antiqua
1316 1128 1358 1170 in
1397 1141 1464 1170 me
1498 1128 1637 1186 surgit

26 1212 29 1236 Δ
104 1200 345 1243 auctoritas.
377 1212 456 1254 ego
487 1199 657 1241 interim
685 1199 878 1242 clamito:
910 1198 962 1241 ‘si
989 1198 1084 1252 quis
1112 1198 1332 1241 cathedrae
1358 1199 1474 1241 Petri
1498 1198 1637 1256 iungi·

24 1291 27 1293 >
102 1274 186 1323 tur,
218 1283 338 1313 meus
378 1273 470 1313 est'.
502 1270 718 1321 Meletius‚
751 1270 907 1312 Vitalis
946 1272 1073 1324 atque
1105 1270 1310 1312 Paulinus
1349 1269 1428 1312 tibi
1464 1269 1636 1313 haerere

42 1356 80 1385 15
104 1354 149 1384 se
187 1341 352 1383 dicunt:
392 1353 560 1395 possem
602 1340 784 1392 credere,
825 1341 861 1383 si
892 1341 973 1382 hoc
1005 1353 1115 1383 unus
1155 1340 1385 1391 adsereret;
1419 1353 1529 1382 nunc
1563 1342 1637 1382 aut
1703 1373 1708 1378 ⁴

105 1413 187 1454 duo
214 1411 475 1454 mentiuntur
500 1414 573 1453 aut
600 1424 759 1454 omnes.
785 1411 942 1453 idcirco
970 1411 1159 1454 obtestor
1184 1411 1491 1453 beatitudinem
1516 1412 1635 1453 tuam

102 1495 177 1538 per
208 1495 374 1525 crucem
407 1482 579 1534 domini,
611 1495 685 1536 per
716 1481 1000 1524 necessarium
1033 1481 1132 1524 fidei
1163 1483 1332 1524 nostrae
1366 1481 1509 1532 decus,
1541 1494 1636 1536 pas-

103 1553 282 1596 sionem:
308 1553 382 1605 ita,
409 1553 481 1607 qui
508 1554 722 1608 apostolos
755 1553 911 1596 honore
943 1553 1147 1608 sequeris,
1176 1552 1365 1607 sequaris
1400 1554 1443 1594 et
1469 1553 1636 1605 merito,

101 1625 163 1666 ita
181 1625 223 1666 in
251 1624 356 1666 solio
379 1637 474 1666 cum
501 1624 722 1668 duodecim
751 1624 999 1667 iudicaturis
1027 1624 1189 1675 sedeas,
1210 1624 1331 1666 itate
1357 1624 1466 1667 alius
1493 1636 1638 1667 senem

41 1713 81 1742 20
104 1709 201 1739 cum
222 1696 345 1738 Petro
366 1696 519 1752 cingat,
540 1696 600 1738 ita
620 1696 930 1751 municipatum
951 1696 1057 1738 caeli
1077 1708 1174 1738 cum
1194 1695 1328 1738 Paulo
1350 1695 1638 1755 consequaris,

104 1769 153 1809 ut
177 1766 283 1808 mihi
308 1766 463 1809 litteris
490 1766 591 1818 tuis,
619 1766 729 1821 apud
750 1779 875 1821 quem
895 1767 937 1808 in
966 1766 1086 1821 Syria
1111 1766 1286 1808 debeam
1312 1765 1639 1817 communicare,

104 1836 330 1892 significes.
350 1837 437 1879 noli
457 1837 671 1891 despicere
692 1837 886 1890 animam,
912 1850 987 1892 pro
1009 1850 1092 1891 qua
1118 1837 1313 1880 Christus
1342 1838 1408 1879 est
1431 1839 1640 1880 mortuus.

224 1919 245 1953 3
273 1918 315 1953 cf.
342 1918 438 1953 Phil.
465 1918 496 1960 1,
526 1918 666 1954 13—14
740 1919 760 1954 7
786 1919 912 1954 Horat.
940 1919 1046 1964 epist.
1064 1918 1083 1953 Ι
1105 1920 1159 1963 11,
1186 1919 1230 1953 27
1301 1918 1345 1953 19
1366 1917 1409 1953 cf.
1429 1917 1561 1953 Matth.
1583 1918 1639 1962 19,

41 2003 47 2015 x
104 1979 151 2013 28
178 1981 247 2013 etc.
346 1977 390 2013 cf.
416 1977 495 2012 1011.
522 1978 579 2020 21,
607 1978 651 2012 18

154 2049 176 2083 2
202 2048 284 2093 plus
311 2059 338 2083 8.
367 2048 390 2084 l.
419 2048 451 2082 Σ
543 2048 746 2084 deducebat
771 2048 802 2083 S
886 2049 907 2083 3
932 2050 1061 2095 postea
1087 2049 1196 2083 etiam
1221 2059 1246 2092 g
1328 2048 1352 2082 4
1378 2047 1465 2082 urbe
1490 2059 1577 2083 rom.
1603 2049 1640 2083 Β

107 2107 126 2141 7
154 2117 279 2142 uerum
305 2108 362 2141 est
385 2107 424 2142 D
503 2108 659 2142 animam
687 2108 720 2142 Σ
768 2107 790 2142 8
816 2107 1049 2142 incessabiles
1076 2106 1119 2141 K
1175 2107 1196 2143 9
1222 2108 1432 2153 postergum
1456 2105 1532 2140 KL
1557 2108 1642 2152 post

107 2171 149 2207 (8.
178 2167 200 2201 l.
226 2168 290 2200 m2
316 2166 362 2211 Σ)
376 2167 519 2212 tergum
535 2170 596 2201 cet.
696 2168 841 2202 secutus
867 2166 1091 2208 K,Ba.c.m2
1116 2167 1326 2210 persecutus
1353 2168 1414 2200 cet.
1507 2165 1642 2200 maiore

106 2226 227 2271 (corr.)
253 2225 293 2260 D
349 2226 393 2260 10
418 2225 544 2260 mundi
569 2225 662 2260 fulta
688 2226 724 2260 B
797 2225 871 2260 rab.
899 2237 966 2261 arr.
993 2226 1023 2259 S
1085 2226 1125 2260 11
1153 2225 1286 2271 premit
1309 2224 1478 2259 La.c.m2
1554 2225 1642 2261 hinc

106 2285 200 2319 enim
215 2285 254 2319 D
313 2284 351 2319 in
365 2296 392 2321 8.
412 2284 434 2321 l.
451 2286 515 2319 m2
528 2285 561 2319 Σ
616 2285 770 2320 ecclesia
787 2285 829 2319 in
847 2294 922 2319 ras.
936 2286 1000 2319 m2
1012 2284 1048 2318 B
1116 2284 1160 2319 ad
1181 2295 1219 2319 se
1239 2283 1376 2330 rapere]
1391 2294 1420 2320 8.
1435 2281 1458 2319 l}
1474 2283 1511 2328 Σ,
1525 2294 1593 2319 om.
1607 2284 1643 2319 L

105 2355 163 2378 me
188 2343 341 2379 festinat
364 2355 388 2388 ς
463 2344 506 2378 12
532 2344 755 2378 manentium
780 2355 805 2389 ς
830 2344 1108 2385 commeantium
1135 2344 1229 2379 coni.
1256 2342 1497 2388 Enyelbreeht
1519 2343 1643 2379 uerbis

106 2402 202 2437 circa
222 2402 499 2437 commeantium
513 2402 721 2447 significari
740 2403 1069 2439 circumcellionum
1089 2413 1221 2438 nomen
1232 2406 1376 2447 putans
1394 2406 1428 2437 et
1445 2402 1642 2438 semicolon

99 2465 189 2507 post
214 2461 365 2496 festinat
379 2472 523 2506 ponens
595 2462 752 2507 insurgit
770 2461 815 2497 K
861 2462 904 2497 14
923 2463 1040 2508 meus]
1065 2462 1106 2497 in
1124 2473 1190 2506 mq.
1213 2462 1250 2497 al
1270 2464 1392 2497 noster
1409 2461 1508 2497 m22
1573 2462 1641 2496 mi-

107 2521 217 2556 letius
230 2520 335 2556 LZ'D
385 2521 428 2556 15
448 2532 554 2566 posse
574 2521 843 2567 Z(corr.)‚Lp.c.
870 2532 975 2567 posse
994 2521 1108 2556 meK
1156 2522 1198 2556 17
1225 2524 1432 2567 passionum
1445 2521 1492 2566 Β,
1518 2531 1586 2556 om.
1602 2521 1640 2566 S,

107 2580 312 2625 passionem
343 2580 402 2625 xpi
426 2591 451 2624 ς
502 2580 545 2615 18
570 2580 637 2626 ita]
668 2582 709 2615 tu
734 2580 779 2615 K
799 2581 854 2615 uti
879 2581 912 2616 Σ
931 2582 974 2615 ut
996 2592 1021 2626 g
1094 2581 1170 2626 qui]
1199 2581 1284 2626 quia
1307 2580 1352 2615 K
1419 2580 1640 2625 apostolicos

109 2638 263 2674 honores
284 2639 425 2685 quaeris
438 2639 484 2674 K
531 2639 574 2674 19
589 2640 625 2674 in
641 2640 730 2675 solio
744 2650 810 2676 om.
826 2640 856 2675 S
927 2642 983 2675 est
996 2641 1119 2686 (eras.)
1134 2639 1347 2675 iudicaturis
1362 2639 1397 2674 L
1415 2638 1639 2674 iudicaturus

107 2698 279 2744 ZpaeBS
419 2709 539 2734 senem
567 2709 634 2734 om.
661 2698 692 2734 S
809 2700 852 2734 21
882 2699 962 2735 deb.
989 2699 1026 2734 in
1051 2710 1120 2745 syr.
1146 2700 1179 2734 Σ
1276 2699 1372 2744 syria
1396 2698 1436 2733 D
1461 2697 1575 2743 syriae
1601 2697 1646 2733 K

110 2756 225 2792 debeo
250 2757 287 2792 B
360 2768 486 2794 comm.
513 2757 592 2793 deb.
619 2757 649 2793 S
708 2758 754 2794 22
773 2760 934 2793 mortuus
962 2760 1017 2793 est
1042 2757 1144 2793 codd.
1166 2761 1316 2802 praeter
1340 2757 1398 2801 K;
1423 2755 1570 2801 explicit
1594 2755 1640 2791 ad

111 2815 297 2851 damasum
322 2816 527 2862 episcopum
556 2816 640 2852 add.
667 2815 711 2851 K
