1884 3254
269 264 353 305 218
806 261 958 296 Sancti
984 261 1240 306 Hieronymi

959 389 1089 431 XXV.

267 485 342 526 AD
369 483 713 527 MARCELLAM
741 484 811 525 DE
843 482 1029 526 DECEM
1056 481 1386 537 NOMINIBUS,
1401 481 1613 535 QUIBUS
1633 482 1785 526 APUD

638 552 932 596 HEBRAEOS
967 552 1110 595 DEUS
1146 551 1420 595 UOCATUR.

326 648 657 702 Nonagesimum
696 648 909 702 psalmum
953 648 1097 707 legens
1134 647 1176 688 in
1221 659 1269 689 eo
1306 647 1414 696 loeo,
1453 646 1525 701 qui
1569 646 1784 689 scribitur:

269 719 356 774 qui
388 718 602 760 habitat
638 719 689 759 in
728 717 1002 761 adiutorio
1042 717 1322 760 altissimi.
1355 717 1406 759 in
1438 717 1784 771 protectione
1827 729 1848 758 5

269 789 350 832 dei
384 789 521 831 caeli
555 789 987 839 commorabitur,
1022 788 1203 830 dixeram
1231 788 1343 841 apud
1366 788 1582 830 Hebraeos
1608 800 1681 842 pro
1705 787 1787 830 ‘dei

269 860 388 902 eaeli'
420 872 511 901 esse
543 859 728 912 positum
762 858 947 905 ‘saddai’,
983 857 1092 911 quod
1125 857 1278 910 Aquila
1307 857 1609 912 interpretatur
1637 855 1786 908 ἱκανόν,

268 929 380 983 quod
416 941 491 971 nos
529 929 779 970 'robustum’
817 931 860 970 et
896 927 1191 970 ‘sufficientem
1230 927 1281 968 ad
1325 927 1463 969 omnia
1500 926 1787 981 perpetranda’

268 1000 455 1054 accipere
480 1012 721 1053 possumus,
742 1011 957 1052 unumque
983 1011 1075 1039 esse
1103 998 1153 1039 de
1180 998 1324 1039 decem
1350 997 1605 1047 nominibus,
1633 996 1786 1050 quibus

268 1071 377 1124 apud
410 1083 480 1112 eos
514 1070 616 1112 deus
650 1073 838 1112 uocatur.
871 1070 970 1111 ilico
1010 1068 1324 1110 studiosissime
1356 1068 1597 1122 postulasti,
1629 1070 1679 1110 ut
1709 1067 1787 1109 tibi
1811 1081 1848 1109 ιο

250 1140 463 1182 ‘uniuersa
502 1140 671 1182 nomina
710 1152 805 1182 eum
846 1153 923 1181 sua
960 1140 1303 1193 interpretatione
1347 1139 1581 1193 dirigerem.
1620 1131 1786 1188 faciam,

269 1210 380 1263 quod
412 1210 572 1263 petisti.
912 1255 917 1258 ,
1327 1265 1329 1267 Γ

323 1281 513 1322 Primum
540 1277 607 1322 dei
632 1293 783 1322 nomen
810 1283 875 1322 est
901 1281 982 1331 hel,
1011 1280 1123 1333 quod
1145 1268 1422 1334 Septuaginta.
1445 1279 1613 1330 ‘deum’‚
1634 1277 1787 1332 Aquila

386 1443 406 1476 5
432 1443 490 1477 Ps.
516 1442 573 1483 90,
602 1442 618 1475 1

408 1581 450 1615 Κ
480 1597 524 1610 =
552 1581 798 1625 Spinaliensis
827 1583 877 1615 68
900 1592 918 1615 s
964 1580 1075 1615 VIII.

408 1642 442 1674 A
481 1656 524 1669 =
551 1640 802 1675 Berolineneis
827 1641 891 1675 lat.
917 1641 965 1674 17
988 1651 1018 1674 s.
1043 1640 1115 1674 IX.

408 1698 442 1732 L
479 1714 523 1727 z:
553 1698 781 1733 Coloniensis
807 1700 858 1733 35
881 1709 910 1733 s.
935 1699 1010 1733 IX.

413 1758 447 1791 ῙΙ
477 1773 521 1786 =
553 1757 760 1792 Turicensaes
786 1758 982 1803 Auyiensis
1009 1759 1060 1792 49
1084 1769 1111 1792 s.
1138 1758 1212 1792 IX.

408 1816 446 1849 D
480 1831 524 1845 -ε
559 1816 761 1850 Vaticanus
788 1816 852 1850 lat.
881 1817 958 1850 355
981 1815 1029 1861 ·†·
1054 1817 1132 1850 356
1156 1827 1184 1850 s.
1210 1816 1371 1850 IX—X.

413 1874 442 1919 Q
479 1890 523 1903 =
550 1873 757 1908 Duacmsis
783 1876 864 1908 247
888 1885 915 1909 s.
944 1874 1017 1908 XI.

408 1944 429 1976 q
478 1948 522 1961 =
548 1932 753 1967 Palatinus
779 1933 843 1966 lat.
871 1935 943 1966 173
968 1944 996 1967 s.
1024 1933 1096 1966 XI.

410 1992 442 2025 B
483 2008 524 2020 =
550 1992 802 2026 Berolinensis
827 1992 891 2026 lat.
919 1993 966 2025 18
988 2002 1016 2026 3.
1044 1992 1140 2026 XII.
1180 2002 1189 2006 ·

314 2130 335 2164 2
361 2129 407 2164 ad
432 2131 637 2165 marcellam
665 2130 765 2174 (item
794 2129 839 2165 ad
866 2141 969 2175 quam
998 2142 1104 2175 supra
1130 2131 1181 2175 Π)
1207 2130 1250 2165 de
1276 2131 1306 2164 X
1340 2133 1394 2174 (ex
1414 2141 1485 2175 pro
1519 2130 1561 2164 de
1587 2130 1618 2165 X
1643 2130 1690 2173 L)
1723 2143 1784 2166 no·
1848 2122 1855 2150 2'

269 2189 434 2233 minibus,
473 2189 602 2234 quibus
642 2190 734 2234 apud
772 2189 924 2224 hebreos
963 2189 1050 2224 deus
1089 2194 1238 2224 uocatur
1276 2189 1423 2233 (dicitur
1453 2190 1503 2233 A)
1534 2189 1705 2234 ALHDq
1741 2189 1787 2224 ad
1850 2191 1852 2193 ’

267 2248 468 2282 marcellam
505 2248 547 2282 de
573 2248 627 2282 ·X·
660 2248 863 2282 nominibus
897 2248 953 2282 dei
983 2248 1012 2293 Q
1044 2248 1088 2282 ad
1121 2247 1269 2283 eandem
1302 2247 1345 2282 de
1372 2247 1494 2282 decem
1519 2248 1724 2283 nominibus
1748 2249 1793 2283 K

269 2305 314 2340 ad
339 2306 540 2340 marcellam
569 2311 747 2351 exponens
776 2307 807 2340 ei
840 2306 962 2340 decem
994 2307 1140 2341 nomina
1165 2307 1223 2341 dei
1248 2306 1302 2348 B;
1329 2306 1548 2352 Hieronymi
1571 2317 1703 2341 nomen
1728 2317 1787 2342 εω-

269 2365 391 2399 hibent
416 2365 516 2399 tituli
539 2365 580 2399 in
606 2365 808 2410 ALDQqB
921 2366 944 2399 4
970 2366 1264 2410 nonagensimum
1291 2365 1334 2399 K
1354 2365 1574 2400 hieronimus
1599 2365 1788 2400 marcellae

269 2423 541 2467 nonagesimum
568 2423 607 2457 11
677 2434 717 2458 eo
743 2434 810 2458 om..
835 2423 865 2469 Q
938 2425 1014 2459 loeo
1040 2435 1107 2459 om.
1128 2435 1150 2468 q
1223 2435 1291 2469 quo
1317 2424 1532 2468 DqB,11p.e.
1557 2424 1593 2457 in
1620 2434 1689 2468 quo
1714 2423 1791 2469 KQ

270 2482 291 2516 6
312 2482 375 2516 alt.
396 2482 461 2515 deo
485 2493 509 2526 g
558 2483 576 2516 7
604 2493 681 2517 esse
706 2494 733 2517 8.
755 2483 777 2517 l.
799 2485 861 2517 m2
878 2483 921 2517 K
990 2483 1124 2528 sadday
1142 2483 1199 2528 Lq
1225 2482 1336 2517 sabda
1354 2482 1399 2517 K
1419 2482 1530 2517 nabda
1553 2482 1583 2527 Q
1655 2481 1786 2526 ἱκανόνι

269 2539 459 2575 ΙΠΑΝΟΝ
483 2540 519 2574 Β
542 2540 649 2575 ianon
675 2541 719 2575 K
739 2552 820 2575 narn
850 2541 880 2586 Q
906 2541 1144 2576 ATTANOhI
1166 2538 1203 2575 'L
1226 2540 1418 2576 IKANON
1442 2542 1518 2575 siue
1543 2540 1787 2576 AD-CONAhl

272 2599 310 2634 Il
332 2598 497 2634 CANON
523 2599 598 2634 siue
625 2598 849 2634 ANANONI
877 2599 909 2633 A
942 2599 1106 2634 CANON
1139 2600 1215 2634 siue
1246 2598 1468 2635 AHANONI
1497 2599 1537 2634 D
1567 2610 1677 2634 sanon
1710 2599 1788 2634 siue

272 2657 428 2692 anonani
453 2668 475 2701 q
569 2658 590 2692 8
619 2657 712 2702 quod
739 2668 806 2692 om.
832 2658 909 2703 KQ
1010 2659 1030 2692 9
1058 2669 1152 2702 poss.
1180 2669 1253 2693 acc.
1278 2658 1353 2703 KQ
1471 2657 1531 2702 de]
1557 2668 1585 2693 s.
1613 2658 1636 2692 l.
1661 2659 1725 2706 ΜΖ
1747 2658 1793 2693 K

275 2716 316 2750 10
343 2716 417 2760 eos]
444 2716 650 2761 hebi-(aneos
676 2716 752 2751 AD
871 2716 1036 2750 dominus
1061 2716 1104 2750 K
1201 2717 1239 2751 11
1269 2716 1424 2762 dirigere
1451 2718 1566 2761 Ap.r.‚
1591 2717 1632 2751 in
1656 2727 1723 2762 my.
1749 2717 1791 2751 εἴ

273 2775 468 2819 digererem
497 2775 535 2810 Π
557 2774 755 2815 digererem
783 2775 956 2819 Lq‚Bp.c.
1076 2775 1204 2810 faciam
1230 2777 1343 2820 igitur
1367 2775 1442 2821 KQ
1540 2776 1582 2811 13
1608 2774 1664 2810 dei
1691 2786 1787 2810 nom.

273 2834 329 2868 dei
355 2846 377 2878 q
402 2845 493 2869 nom.
522 2834 579 2868 dei
603 2845 627 2878 g
722 2834 780 2868 hel
807 2844 850 2868 esc
875 2834 907 2868 el
932 2835 995 2868 m2
1019 2833 1061 2867 K
1084 2834 1130 2868 eli
1157 2834 1189 2867 L
