1884 3254
249 304 332 345 662
794 300 943 336 Sancti
968 299 1227 345 Hieronymi

248 442 411 484 pecore,
449 428 726 484 possessione,
763 427 956 470 uestibus
988 429 1234 481 tantamque
1264 426 1445 470 habebat
1475 427 1692 479 familiam,
1723 430 1772 470 ut

249 500 301 542 ad
339 499 503 542 subitos
541 498 710 541 nuntios
741 497 968 540 iuuenibus
1000 498 1148 540 electis
1180 509 1338 540 armare
1368 500 1515 552 posset
1546 498 1771 541 exercitum

251 573 292 612 et
329 571 526 623 quattuor
555 581 690 624 reges,
730 581 836 622 quos
868 568 1053 623 quinque
1083 580 1206 624 reges
1236 568 1445 624 fugerant,
1481 568 1523 610 in
1554 568 1645 611 Dan
1678 581 1772 611 con-

250 643 421 682 secutus
466 639 692 689 occideret3
737 641 781 681 et
821 641 976 691 tamen,
1020 642 1244 693 postquam
1288 639 1431 682 crebro
1467 638 1772 694 hospitalitatis

250 710 401 759 officio,
452 710 552 752 dum
601 709 791 752 homines
834 722 916 752 non
958 709 1130 760 refutat,
1181 709 1394 764 suscipere
1437 709 1592 752 meruit
1633 709 1801 760 deum,¹
1834 704 1837 705 ⁷

250 794 327 824 non
367 781 502 823 seruis
535 783 577 823 et
608 780 819 823 ancillulis
850 780 1090 835 imperauit,
1128 782 1176 822 ut
1207 780 1447 834 hospitibus
1480 780 1774 831 ministrarent,

250 854 292 894 et
321 852 491 903 bonum,
524 851 636 905 quod
667 850 898 901 exercebat,
930 863 1005 904 per
1034 850 1140 893 alios
1166 850 1332 902 minuit,
1366 850 1440 893 sed
1465 851 1586 904 quasi
1610 853 1774 906 reperta

176 957 179 961 .
250 922 400 976 praeda
438 935 534 964 cum
566 921 688 964 Sarra
725 934 804 964 sua
838 921 1090 964 humanitati
1128 921 1246 964 solus
1277 921 1485 964 incubuit.
1522 921 1613 975 ipse
1643 921 1774 976 pedes

249 992 370 1043 lauit,
401 992 492 1046 ipse
517 991 717 1046 pinguem
742 991 927 1034 uitulum
952 991 1139 1046 portauit
1167 991 1319 1033 umeris
1345 991 1396 1033 de
1422 993 1623 1042 armento,
1654 990 1775 1034 stetit

250 1066 297 1105 ut
340 1075 487 1105 seruus
524 1062 756 1118 peregrinis
793 1062 1097 1117 prandentibus
1136 1064 1179 1104 et
1215 1061 1360 1104 Sarrae
1397 1061 1591 1104 manibus
1629 1063 1772 1115 coctos

251 1133 367 1175 cibos
399 1133 663 1175 ieiunaturus
696 1133 905 1188 adposuit.
1700 1147 1703 1150 ·

314 1206 379 1247 12.
413 1204 531 1247 Haec
567 1217 731 1256 moneo,
775 1204 903 1247 frater
939 1204 1170 1255 carissime,
1212 1205 1387 1258 pietate,
1430 1217 1513 1258 qua
1548 1206 1591 1246 te
1627 1204 1772 1260 diligo,

250 1277 300 1316 ut
323 1287 403 1317 non
430 1275 567 1317 solum
586 1275 821 1329 pecuniam,
849 1275 923 1317 sed
941 1277 983 1317 te
1002 1275 1142 1329 ipsum
1165 1274 1333 1318 Christo
1355 1275 1515 1327 offeras,
1539 1274 1773 1317 hostiam

250 1346 440 1395 uiuam,
467 1339 773 1399 placentem
799 1347 908 1397 deo,
925 1346 1268 1393 ,rationabile
1294 1345 1612 1407 obsequium
1637 1347 1773 1395 tuum,

252 1418 294 1458 et
318 1416 498 1459 imiteris
523 1411 659 1458 filium
684 1417 882 1468 hominis,
915 1417 987 1471 qui
1018 1429 1116 1459 non
1149 1417 1299 1459 uenit
1330 1416 1650 1467 ministrari,
1683 1415 1774 1458 sed

250 1487 564 1529 ministrare
608 1490 662 1539 et,
709 1487 822 1541 quod
863 1487 1099 1541 patriarcha
1142 1487 1303 1539 alienis,
1347 1487 1448 1530 hoc.
1471 1486 1693 1541 discipulis
1732 1489 1775 1529 et

252 1557 388 1600 seruis
420 1559 623 1613 magister
655 1558 844 1600 exhibuit
875 1560 917 1600 et
948 1558 1157 1601 dominus.
1191 1559 1393 1600 corium
1423 1570 1515 1612 pro
1545 1557 1691 1600 corio
1724 1559 1776 1599 et

252 1628 438 1678 omnia,
473 1641 605 1682 quae
636 1629 786 1671 homo
818 1628 1085 1683 possidet,
1119 1629 1240 1670 dare
1266 1630 1453 1682 potest
1482 1622 1776 1683 proanima

253 1711 357 1740 sua.
402 1699 493 1740 sed
531 1702 704 1754 tange,
747 1687 885 1753 inquit
922 1699 1129 1750 diabolus,
1175 1711 1363 1741 carnes
1401 1699 1531 1751 eius,
1576 1699 1685 1742 nisi
1720 1698 1773 1741 in

373 1861 388 1895 1
419 1860 463 1896 cf.
489 1860 575 1896 Gen.
604 1872 632 1896 c.
662 1861 705 1895 14
776 1862 799 1896 4
825 1861 869 1899 cf.
897 1861 984 1897 Gen.
1012 1873 1039 1897 c.
1068 1862 1111 1897 18
1180 1861 1224 1896 13
1250 1861 1374 1897 *Rom
1402 1862 1457 1906 12,
1486 1861 1502 1896 1
1574 1862 1616 1897 15
1641 1861 1772 1897 Matth.
1835 1870 1839 1872 “

252 1920 309 1965 20,
335 1920 381 1955 28
455 1921 498 1955 17
525 1920 643 1955 *Hiob
671 1922 704 1965 2,
729 1922 823 1956 4—5

302 2004 318 2037 1
346 2012 493 2047 peccore
518 2003 554 2036 Β
577 2013 706 2048 pecora
730 2003 838 2047 ffiaae.
859 2005 943 2048 (seq.
968 2015 1044 2039 ras.
1070 2005 1097 2038 2
1122 2003 1206 2048 litt.)
1231 2003 1270 2038 D
1389 2004 1602 2048 tantumque
1626 2003 1670 2038 K
1690 2005 1771 2039 tan-

251 2063 360 2106 taque
386 2061 424 2096 D
449 2063 589 2096 tantam
614 2062 650 2096 Β
723 2063 744 2097 2
771 2062 815 2097 ab
841 2064 877 2097 A
973 2062 1095 2097 subito
1120 2062 1200 2097 KP
1298 2063 1424 2098 eiectis
1452 2062 1606 2108 G,Da.c.
1691 2073 1772 2108 pos-

253 2121 300 2155 sit
324 2120 479 2158 KAffiw
526 2122 547 2155 3
574 2121 635 2165 qui
659 2122 695 2155 Β
790 2121 1010 2167 fugauerant
1030 2122 1069 2156 B
1092 2121 1213 2157 fuerat
1240 2121 1275 2157 G
1370 2124 1515 2157 secutus
1539 2121 1579 2156 D
1624 2122 1648 2156 4
1673 2123 1773 2168 post-

253 2180 374 2224 quam]
401 2182 484 2225 post
508 2182 583 2214 tam
607 2191 632 2224 g
705 2180 826 2215 crebre
851 2181 888 2215 A
912 2180 1037 2215 crebra
1060 2192 1084 2226 g
1155 2181 1177 2215 5
1204 2180 1325 2216 officia
1346 2191 1373 2225 g
1442 2191 1514 2215 non
1539 2180 1605 2215 ref.
1629 2180 1726 2215 hom.
1748 2191 1774 2225 g

251 2238 411 2273 refutant
434 2237 473 2272 D
496 2241 639 2273 recusat
667 2238 701 2273 G
797 2238 982 2274 dominum
1010 2238 1045 2274 G
1141 2239 1162 2273 6
1189 2238 1309 2273 ancill.
1334 2238 1409 2273 suis
1432 2238 1470 2272 Β
1562 2237 1775 2284 imperatuit

252 2297 357 2334 §Bam
382 2296 583 2341 imperabat
606 2307 631 2341 g
725 2297 810 2331 min.
835 2296 938 2342 hosp.
963 2309 987 2342 g
1061 2297 1081 2331 7
1107 2297 1156 2342 et]
1182 2307 1247 2332 nec
1276 2296 1530 2342 Gw,ffip.c.m2
1623 2296 1718 2332 bona
1739 2296 1774 2332 G

251 2356 392 2390 monuit
420 2356 455 2389 ¹1¹
550 2355 627 2400 sed]
654 2367 691 2390 se
717 2356 757 2391 D
840 2356 862 2391 8
888 2366 969 2391 sara
991 2356 1029 2391 Β
1125 2367 1191 2391 sua
1214 2367 1282 2391 om.
1314 2356 1352 2391 Ψ
1444 2356 1669 2391 humanitate
1693 2355 1777 2391 KP

254 2414 321 2448 -tis
345 2414 384 2448 D
456 2413 477 2447 9
503 2415 637 2460 pingue
661 2415 702 2449 D
814 2415 945 2450 umeris
971 2417 1063 2458 (—rus
1088 2415 1136 2460 A)
1167 2414 1238 2450 G'A
1262 2415 1361 2450 hum.
1386 2418 1449 2450 cet.
1524 2414 1568 2450 10
1593 2415 1648 2460 ut]
1676 2417 1714 2450 et
1735 2415 1772 2450 A

254 2484 353 2508 sarae
379 2476 441 2516 (-e)
473 2473 543 2507 ΨΒ
663 2477 785 2509 coctus
809 2474 844 2512 ΞΒ
941 2475 982 2508 11
1012 2474 1120 2520 cybos
1145 2485 1189 2509 ex
1214 2474 1323 2520 cybus
1347 2473 1445 2511 m223
1554 2474 1597 2509 12
1622 2473 1704 2508 kme
1728 2484 1773 2509 ex

254 2532 327 2566 kmi
351 2534 415 2566 m2
438 2532 486 2573 D,
515 2543 582 2567 om.
611 2532 644 2567 G
778 2533 821 2568 13
847 2532 924 2579 sed]
952 2533 1016 2568 sed
1042 2535 1079 2568 et
1102 2533 1182 2568 ΑΨ
1321 2533 1439 2578 ipsum
1463 2543 1491 2568 a.
1517 2533 1541 2568 1.
1567 2532 1607 2568 D
1629 2533 1707 2578 ipso
1738 2531 1776 2567 Ψ
1841 2527 1843 2529 ’

258 2591 300 2625 14
326 2591 461 2635 uiuam]
490 2590 576 2626 adcl-
602 2593 762 2627 sanctam
788 2603 813 2636 g
930 2592 1183 2627 rationabilem
1208 2591 1427 2634 A‚5ua.c.m2
1534 2592 1578 2627 15
1602 2591 1771 2638 imiteris]

256 2661 334 2685 cum
364 2650 576 2695 religionem
609 2651 687 2696 quis
718 2650 898 2695 professus
929 2651 1051 2691 fuerit,
1082 2651 1229 2686 studeat
1258 2662 1329 2686 non
1366 2650 1481 2686 solum
1520 2651 1670 2696 pecunia
1704 2654 1772 2696 xpo

255 2709 392 2753 offerre,
417 2708 481 2744 sed
504 2709 662 2744 imititur
685 2710 720 2744 Γ
847 2711 890 2746 16
917 2712 954 2745 et
979 2709 1290 2755 quod-dominus
1313 2720 1382 2744 om.
1408 2710 1442 2744 1⁷
1570 2710 1613 2744 17
1639 2709 1774 2744 corium

256 2767 348 2802 enim
375 2779 436 2813 pro
464 2769 598 2803 corium
619 2769 652 2803 Γ
720 2771 757 2804 et
781 2779 848 2804 om.
869 2769 982 2804 ADB
1044 2769 1086 2804 18
1114 2767 1275 2815 possedit
1299 2768 1406 2803 bomo
1426 2769 1460 2803 Γ
1479 2768 1590 2804 habet
1612 2768 1719 2804 homo
1737 2767 1772 2806 8

256 2826 361 2860 homo
389 2837 454 2861 om.
482 2827 516 2861 B
613 2828 771 2878 potest]
797 2828 884 2863 add.
909 2828 1015 2863 homo
1041 2828 1077 2862 Β
1170 2828 1211 2863 19
1238 2827 1404 2863 diabulus
1430 2827 1497 2866 Pffi
1522 2827 1670 2863 zabulus
1695 2826 1778 2863 KP

257 2884 370 2918 carnis
397 2886 430 2918 Γ
521 2886 710 2921 nisi—tibi
735 2897 801 2923 om.
830 2887 863 2921 Γ
