1884 3254
0 219 11 308 f
604 242 814 288 Epistula
837 242 987 278 xxxv1
1012 243 1130 279 6—10
1541 249 1626 290 275

0 423 10 438 J
103 372 220 414 illam
252 372 555 426 expositionem
586 374 802 415 secuntur:
833 372 875 415 in
907 372 1092 415 aduentu
1126 373 1283 416 Christi
1314 373 1462 417 mortis
1502 376 1628 428 atque

0 453 9 523 ᾗ
104 443 267 498 peccati
298 444 504 486 aculeum·
525 456 619 486 esse
651 444 927 486 confractum.

7 520 9 523 '
164 514 204 556 9.
240 514 395 556 Ponam
427 515 469 556 et
501 514 627 556 aliam
660 513 910 569 opinionem,
944 527 994 556 ne
1028 515 1127 570 quid
1166 515 1628 571 uidearpraetergres-

0 560 9 638 i
105 597 189 627 sus.
216 584 386 638 quidam
413 585 642 639 septimum
676 597 828 627 annum
862 585 1123 628 remissionis
1157 588 1199 628 et
1231 586 1629 643 quinquagesimum

0 693 8 701 .,
61 667 80 697 ⁶
104 655 256 697 iobelei
283 658 325 697 et
350 655 811 710 quadringentesimum
839 657 1173 712 nonagesimum,
1194 657 1306 712 quod
1332 657 1484 700 uolunt
1507 657 1629 700 intel-

101 726 187 781 legi
207 726 462 782 ‘septuagies
483 726 671 780 septies’,
698 727 845 769 multis
870 727 1007 770 modis
1033 727 1363 783 interpretantur
1388 728 1628 771 adserentes

0 787 7 845 ξ
103 797 154 839 ob
175 797 281 839 hanc
300 809 471 839 causam
491 797 832 854 quinquagesimi
860 801 901 840 et
927 799 1254 854 quingentesimi
1278 800 1440 842 numeri
1467 802 1627 842 sacrate

0 863 6 878 ⁶
100 868 142 910 in
174 868 393 924 euangelio
426 868 613 923 positum
645 869 877 911 debitorem
911 872 954 912 et
986 869 1384 925 quinquagesimum
1417 870 1629 924 psalmum

99 939 392 994 paenitentiae,
425 939 496 994 qui
522 942 687 994 septem
718 940 940 983 conficitur
970 941 1216 995 septimanis
1242 943 1284 983 et
1308 941 1350 982 in
1375 941 1628 996 principium

41 1017 78 1048 ιο
101 1008 304 1064 ogdoadis
337 1010 532 1065 erumpit.
559 1023 707 1052 uerum
732 1023 783 1052 ne
807 1012 976 1067 longius
1003 1023 1140 1054 sermo
1167 1011 1379 1066 procedat,
1406 1011 1628 1066 hucusque

10 1078 30 1139 Α,
101 1093 228 1135 super
257 1081 336 1123 hoc
366 1081 558 1124 locutum
593 1094 686 1124 esse
719 1081 916 1134 sufficiat,
950 1082 1048 1136 quia
1074 1084 1116 1124 et
1141 1094 1190 1124 ex
1219 1082 1301 1133 his,
1329 1095 1435 1136 quae
1467 1095 1628 1136 resper-

99 1151 246 1204 simus,
267 1152 481 1206 ingentem
506 1151 586 1194 tibi
613 1152 914 1206 disputationis
942 1152 1094 1195 siluam
1120 1153 1278 1207 poteris
1305 1153 1397 1207 ipse
1425 1152 1628 1196 conficere

99 1223 235 1265 sciens
263 1221 486 1278 Origenem
513 1222 809 1265 duodecimum
837 1225 879 1265 et
909 1223 1084 1266 tertium
1117 1224 1327 1266 decimum
1358 1223 1400 1266 in
1429 1223 1628 1267 Genesim

95 1293 250 1335 librum
283 1293 332 1335 de
364 1294 442 1335 hae
473 1295 638 1335 tantum
672 1294 918 1347 quaestione
951 1294 1147 1337 dictasse.

38 1372 75 1404 15
162 1365 226 1406 10.
246 1363 338 1406 C'ur
356 1365 460 1406 deu-s·
481 1363 673 1419 loquitur
691 1365 749 1406 ad
760 1365 997 1418 Abraham,
1013 1366 1128 1420 quod
1145 1369 1304 1420 quarta
1320 1366 1520 1421 proyenie
1540 1365 1631 1420 filii

102 1436 271 1478 Israhel
297 1439 438 1478 essent
472 1436 521 1478 de
559 1439 673 1478 terra
705 1437 893 1492 Aeyypti
928 1437 1163 1491 reuersuri,
1200 1441 1243 1479 et
1272 1441 1423 1492 postea
1455 1437 1628 1492 Moyses

101 1507 274 1550 scribit:
297 1508 481 1562 quinta
504 1511 674 1550 autem
698 1509 944 1563 proyenie
974 1509 1324 1550 ascenderunt
1351 1508 1470 1563 filii
1495 1508 1628 1550 Isra-

101 1578 182 1620 hel
209 1579 263 1621 de
297 1582 434 1620 terra
461 1579 707 1634 Aeyyptz'?
734 1580 849 1634 quod
876 1579 1025 1635 utique
1057 1580 1150 1622 nisi
1176 1582 1427 1635 asportatur,
1454 1579 1630 1622 uidetur
1703 1592 1706 1596 “

99 1663 186 1692 esse
217 1650 498 1692 contrarium.

26 1783 31 1787 .
221 1754 237 1789 1
260 1754 304 1789 cf.
324 1754 440 1790 1001.
464 1755 518 1799 15,
534 1754 578 1789 56
627 1754 650 1788 4
670 1754 714 1789 cf.
734 1755 843 1789 Dent.
866 1754 970 1799 15,1.
989 1755 1075 1789 Leu.
1096 1755 1190 1799 25‚4
1264 1754 1307 1790 of.
1329 1754 1415 1791 neu.
1438 1755 1496 1797 25,
1510 1747 1642 1790 8—10'

99 1814 119 1849 7
147 1812 192 1849 cf.
219 1814 302 1849 Luc.
330 1815 363 1858 7,
387 1814 432 1848 41
486 1813 529 1848 15
557 1813 602 1850 cf.
628 1824 709 1860 pag.
737 1814 819 1858 267,
841 1814 862 1848 5
948 1813 991 1849 cf.
1021 1813 1108 1850 Gen.
1138 1815 1192 1858 15,
1221 1813 1263 1848 16
1316 1814 1359 1848 17
1387 1813 1472 1851 *Exn
1501 1813 1557 1859 13,
1584 1813 1627 1850 18

146 1896 164 1930 1
193 1896 392 1941 mortisque
417 1897 450 1931 Ω
522 1896 543 1930 2
571 1897 716 1942 peccata
742 1896 913 1931 Aa.c.m2
1010 1896 1172 1931 eculeum
1197 1896 1231 1931 Ω
1321 1896 1342 1930 3
1369 1896 1512 1941 ponam]
1539 1896 1628 1931 item

16 1992 19 1994 ,
97 1955 170 2002 alia
195 1955 301 1990 aliter
327 1966 457 2001 ponam
482 1955 519 1990 Β
584 1956 607 1990 4
634 1954 779 2001 quidem
806 1961 910 1992 mac.
984 1955 1229 2000 promissionis
1255 1955 1294 1989 D
1360 1955 1382 1990 5
1407 1954 1540 1989 iobelei
1566 1954 1629 2000 qD

96 2014 228 2049 iubelei
255 2009 510 2049 AB'iubelaei
534 2015 567 2050 Ω
591 2014 765 2049 iub'ileum
791 2021 824 2051 m
850 2014 1002 2049 iubilaei
1026 2025 1050 2059 ς
1154 2013 1511 2059 quadringensimum
1537 2024 1627 2059 qa.c.

98 2073 477 2119 quadragintissimum
505 2080 537 2111 m
624 2073 732 2120 quod]
761 2074 819 2109 uel
844 2074 905 2120 qui
931 2074 966 2108 B
993 2085 1063 2119 quo
1088 2073 1329 2119 Enqelbreeht
1403 2074 1424 2108 6
1450 2074 1626 2119 interpre-

95 2134 220 2168 tantur
242 2133 284 2168 in
308 2144 376 2179 my.
395 2144 415 2179 q
467 2134 487 2169 7
514 2135 675 2169 sacratae
695 2133 731 2168 A
756 2133 889 2169 sacrati
909 2134 944 2169 ,Ω
992 2133 1013 2168 9
1039 2133 1226 2178 potentiae
1247 2133 1286 2168 D
1359 2135 1497 2179 septem
1524 2133 1626 2168 annis

95 2191 305 2228 Aa.c.m2D
389 2192 648 2228 ebdomadibus
674 2193 710 2227 B
793 2193 970 2238 principio
999 2198 1055 2238 tuq
1115 2192 1156 2228 10
1182 2191 1358 2238 ogdoadis
1384 2191 1424 2227 D
1449 2191 1626 2237 ogduadis

94 2251 199 2287 Aac
239 2251 409 2287 ocdoadis
441 2252 476 2286 B
513 2251 685 2301 ocduadis
717 2262 739 2298 q
777 2252 940 2288 octuadis
978 2253 1084 2297 (corr.
1122 2251 1308 2296 ocduadis)
1342 2258 1374 2288 tn
1407 2251 1568 2287 octoadis
1594 2250 1628 2286 Ω

97 2311 295 2356 erumpitur
321 2321 341 2357 q
417 2311 458 2347 11
486 2311 555 2346 hoc
579 2311 752 2357 locutum]
778 2311 1031 2347 holocaustum
1057 2311 1191 2357 qa.c.D
1288 2321 1345 2346 me
1372 2321 1449 2346 esse
1475 2310 1627 2355 D,Bm2

97 2370 182 2414 quia
208 2371 257 2416 et]
284 2370 346 2415 qui
372 2377 405 2407 m
526 2371 723 2417 reperimus
750 2371 898 2416 m‚Bm2
922 2371 1144 2417 repperimus
1169 2381 1190 2417 q
1314 2370 1358 2405 12
1382 2370 1464 2416 tibi]
1491 2370 1542 2405 ibi
1569 2376 1626 2416 tuq

97 2427 211 2464 ubiD
284 2429 442 2475 potueris
462 2431 499 2475 (u
514 2430 624 2476 eras.)
639 2437 671 2466 m
724 2430 767 2466 13
782 2430 958 2476 originem
974 2436 1031 2476 tuq
1106 2431 1231 2475 genesi
1247 2429 1377 2476 quB
1428 2430 1472 2464 14
1491 2429 1575 2464 libri
1589 2428 1628 2464 D

96 2489 323 2534 questionem
348 2488 388 2524 D
502 2489 669 2536 dictasse]
698 2489 795 2525 dicat
820 2501 858 2525 se
883 2501 922 2536 ας
950 2489 1037 2526 add.
1065 2490 1118 2525 A:
1144 2489 1187 2524 de
1214 2490 1402 2533 egresione
1427 2489 1509 2534 (sic)
1535 2488 1626 2524 filio·

96 2558 173 2582 rum
199 2547 333 2583 israhel
359 2559 399 2583 ex
420 2550 565 2594 egypto,
586 2549 644 2584 D.-
669 2549 712 2584 de
739 2550 945 2595 egressione
971 2549 1125 2584 filiorum
1150 2549 1294 2584 iliorum
1321 2549 1402 2593 (sic)
1428 2548 1560 2583 israhel
1586 2558 1627 2583 ex
1691 2574 1693 2576 -

97 2607 229 2653 egypto
255 2606 322 2642 ΙΙΙ·
350 2607 441 2652 (sic),
459 2608 515 2646 Β.·
540 2607 584 2643 de
611 2608 792 2652 abmham,
812 2615 845 2645 m
872 2613 905 2645 et
930 2610 964 2644 Ω
987 2609 1029 2644 in
1047 2620 1135 2654 my„-
1155 2608 1192 2643 II
1265 2608 1309 2643 15
1337 2607 1444 2653 quod]
1475 2617 1565 2652 quae
1593 2613 1625 2643 m

97 2668 243 2711 quai-tet
267 2665 307 2701 D
399 2667 441 2702 16
467 2667 553 2702 filiis
579 2667 615 2701 B
710 2667 818 2703 israel
844 2668 939 2714 qu
1037 2669 1174 2712 essent]
1201 2667 1276 2702 sint
1299 2667 1336 2701 B
1410 2669 1506 2700 terra
1531 2665 1623 2710 aeg.l

23 2746 27 2748 -
95 2725 284 2770 (a)egypto
310 2725 386 2760 AD
494 2737 616 2772 moyse
644 2732 676 2763 m
752 2726 795 2762 17
822 2727 968 2773 scripsit
992 2727 1028 2762 Β
1117 2726 1225 2761 israel
1251 2726 1344 2771 qu
1443 2725 1486 2759 18
1514 2723 1623 2770 quod]

17 2787 22 2793 '
98 2793 189 2828 quae
216 2789 248 2819 m
322 2784 407 2830 nisi]
432 2785 463 2819 si
491 2791 523 2821 m
599 2788 822 2831 exponantur
846 2796 867 2832 q
942 2786 1112 2821 uiderunt
1130 2796 1151 2831 q
1227 2785 1270 2819 19
1291 2784 1419 2830 contr]
1443 2783 1530 2818 add.
1551 2782 1626 2817 AD

96 2839 327 2885 hieronimus,
354 2843 407 2879 Β.·
434 2843 476 2878 de
503 2846 658 2889 quatuor
683 2846 914 2890 generatione
941 2846 1022 2890 (sic)
1048 2845 1199 2880 filiorum
1227 2843 1333 2879 israel

1512 2912 1576 2947 18*
