1940 3260
270 288 355 330 704
812 283 963 319 Sancti
988 282 1244 329 Hieronymi

269 415 460 458 Parthica
488 414 712 457 aduersum
734 413 947 456 Christum
974 411 1163 455 euomuit
1189 414 1232 455 et
1248 411 1364 454 iuxta
1381 411 1548 455 fabulas
1568 414 1785 467 poetarum

269 498 345 528 suo
390 498 434 527 se
478 497 575 527 ense
616 484 831 526 lacerauit.
876 482 912 525 si
956 485 1099 526 contra
1139 482 1252 525 hunc
1293 482 1475 526 scribere
1511 485 1788 537 temptauero,

268 558 383 610 puto,
426 538 650 598 interdices
694 553 810 606 mihi,
851 566 903 595 ne
946 553 1136 596 rabidum
1169 565 1325 613 canem
1360 553 1710 608 philosophorum
1746 556 1789 596 et

267 625 561 668 historicorum
607 624 821 675 doctrinis,
870 624 914 666 id
957 626 1024 666 est
1065 624 1262 666 Herculis
1306 624 1438 675 claua,
1482 623 1788 677 repercutiam?

269 707 522 750 quamquam
553 695 789 737 Nazareum
820 697 1010 737 nostrum
1042 696 1085 736 et
1109 719 1165 725 —
1190 696 1240 736 ut
1263 694 1354 749 ipse
1380 694 1545 737 solebat
1569 693 1707 736 dicere
1731 717 1790 726 -
1829 707 1848 734 a

269 766 479 808 Galileum
537 766 681 808 statim
731 765 773 807 in
817 765 975 819 proelio
1020 765 1198 807 senserit
1247 766 1290 807 et
1337 763 1571 807 mercedem
1619 763 1790 820 linguae

267 836 562 891 putidissimae
599 838 722 878 conto
753 836 828 877 ilia
858 836 1074 890 perfossus
1112 835 1330 890 acceperit.
1367 835 1572 890 Iosephus
1613 835 1791 889 antiqui-

267 910 398 949 tatem
424 907 655 961 adprobans
681 906 841 948 Iudaici
866 906 1013 961 populi
1038 906 1144 949 duos
1168 906 1299 948 libros
1325 905 1474 948 scribit
1499 907 1642 948 contra
1666 904 1791 959 Apio-

267 991 375 1028 nem,
406 977 730 1020 Alexandrinum
756 977 1092 1032 grammaticum,
1125 979 1168 1019 et
1190 979 1308 1019 tanta
1333 971 1617 1019 saecularium
1635 975 1793 1030 profert

266 1048 522 1098 testimonia,
553 1050 602 1090 ut
632 1048 736 1090 mihi
767 1048 1019 1090 miraculum
1052 1048 1215 1099 subeat,
1247 1047 1455 1102 quomodo
1481 1047 1547 1089 uir
1570 1046 1789 1089 Hebraeus
1814 1061 1851 1090 10
1908 1072 1910 1075 >

269 1122 312 1161 et
360 1119 410 1161 ab
459 1119 635 1161 infantia
685 1118 814 1161 sacris
863 1118 1017 1162 litteris
1062 1118 1250 1161 eruditus
1295 1120 1491 1161 cunctam
1535 1117 1789 1160 Graecorum

267 1189 568 1232 bibliothecam
618 1189 836 1232 euoluerit.
886 1189 988 1244 quid
1028 1190 1177 1243 loquar
1219 1189 1270 1231 de
1313 1188 1502 1239 Philone,
1553 1200 1677 1242 quern
1719 1188 1791 1229 uel

269 1260 445 1302 alterum
491 1257 575 1316 [uel
619 1258 867 1317 secundum]
913 1260 998 1302 uel-
1019 1259 1224 1304 Iudaeum
1260 1259 1480 1301 Platonem
1525 1257 1659 1300 critici
1697 1269 1792 1312 pro·

269 1330 487 1372 nuntiant?

327 1401 368 1442 4.
403 1400 574 1443 Curram
606 1413 680 1454 per
710 1400 921 1456 singulos:
949 1401 1199 1454 Quadratus,
1231 1400 1519 1454 apostolorum
1550 1397 1786 1452 discipulus
1812 1417 1849 1445 15
1908 1396 1911 1397 ⁷

269 1473 312 1513 et
358 1470 626 1513 Atheniensis
685 1470 887 1513 ecclesiae
941 1471 1140 1526 pontifex,
1188 1483 1324 1513 nonne
1378 1470 1562 1512 Adriano
1610 1467 1790 1523 principi

269 1540 492 1582 Eleusinae
525 1552 642 1582 sacra
670 1540 870 1583 inuisenti
898 1541 1054 1583 librum
1091 1553 1163 1595 pro
1201 1543 1343 1583 nostra
1378 1539 1580 1595 religione
1616 1535 1790 1581 tradidit

268 1613 311 1653 et
346 1612 486 1652 tantae
524 1610 788 1654 admirationi
827 1611 1014 1653 omnium
1045 1612 1139 1663 fuit,
1176 1613 1226 1653 ut
1260 1611 1597 1665 persecutionem
1629 1608 1790 1664 grauis-

318 1805 335 1840 1
363 1806 502 1851 partica
525 1806 637 1841 KLB
662 1807 833 1851 particam
863 1808 895 1841 Φ
1008 1806 1179 1842 aduersus
1204 1806 1276 1841 LB
1396 1805 1570 1851 euomuit]
1598 1805 1684 1840 add.
1708 1816 1736 1840 8.
1763 1805 1787 1840 Ζ.

269 1866 331 1899 7122
355 1865 506 1910 pessime
532 1866 654 1909 (eras.)
680 1865 725 1900 K
806 1865 998 1902 et—lacer.
1023 1876 1091 1901 om,
1116 1866 1214 1901 Mlm
1291 1865 1312 1900 3
1338 1864 1525 1900 interdicis
1549 1854 1788 1909 KMOEmaae.

270 1923 432 1968 rapidum
459 1923 549 1958 ΚΜ
688 1925 725 1958 et
749 1934 818 1958 om.
844 1923 916 1959 LB
1053 1924 1076 1958 4
1100 1923 1244 1959 histoic.
1274 1925 1306 1958 Φ
1329 1923 1515 1959 histerich.
1541 1923 1555 1959 l
1580 1923 1726 1958 sthoric.
1751 1922 1796 1957 K

269 1983 401 2017 stoicer
424 1981 458 2016 L
483 1982 676 2017 stoicorum
699 1982 737 2016 Β
761 1983 933 2026 (cicorum
957 1983 1000 2018 in
1023 1994 1098 2018 ras.
1123 1985 1198 2027 m2)
1217 1994 1242 2028 ς
1314 1985 1370 2018 est
1394 1994 1462 2019 om.
1484 1983 1497 2017 l
1570 1981 1698 2017 erculis
1717 1981 1790 2016 LB

269 2041 405 2075 clauam
436 2041 468 2075 Φ
492 2041 592 2076 claue
618 2041 733 2076 Mor-c.
846 2042 1044 2087 percutiam
1068 2053 1092 2087 g
1188 2043 1208 2077 5
1233 2053 1422 2078 nazoreum
1447 2042 1549 2077 Ba.c.
1573 2051 1786 2076 nazarenum

269 2100 382 2145 Mp.e.
525 2100 665 2135 solebat
696 2100 756 2144 (ba
779 2100 822 2136 in
845 2111 919 2136 ras.
945 2104 1007 2136 m2
1031 2104 1048 2137 t
1071 2112 1099 2137 s.
1127 2102 1151 2137 l.
1175 2104 1251 2144 m2)
1283 2102 1314 2136 Φ
1344 2101 1462 2136 soleat
1487 2101 1500 2135 l
1641 2100 1664 2135 6
1695 2099 1787 2145 gali-

269 2160 385 2194 laeum
410 2170 445 2194 m
469 2159 676 2204 gallilaeam
701 2159 745 2194 K
766 2159 936 2204 galileam
964 2161 996 2195 Φ
1150 2161 1284 2206 praelio
1314 2160 1433 2195 ΦῖηιΒ
1588 2160 1608 2194 7
1633 2157 1788 2205 puditis-

269 2218 379 2252 simae
410 2217 453 2252 K
479 2217 724 2262 putridissime
756 2220 787 2262 (r
817 2221 912 2263 exp.)
942 2219 979 2253 Β
1123 2221 1228 2255 conto
1258 2219 1336 2265 ilia]
1371 2218 1589 2254 contumelia
1619 2216 1787 2253 1221sz

269 2278 375 2311 conto
400 2276 502 2311 milia
526 2278 576 2321 (m
602 2279 709 2321 eras.)
733 2277 778 2312 K
892 2289 1082 2324 percussus
1111 2279 1143 2313 Φ
1255 2278 1425 2323 iosephus
1450 2277 1621 2322 (osephus
1643 2277 1687 2312 in
1710 2286 1787 2311 ras·

269 2336 343 2378 ηι2)
368 2335 404 2369 Β
428 2335 571 2381 iosepus
601 2337 633 2370 Φ
656 2336 819 2382 iosippus
844 2337 880 2372 L
975 2337 1234 2383 antiquitatum
1259 2336 1430 2382 Kp.c.m2
1513 2336 1535 2371 8
1561 2335 1687 2371 scribit
1710 2335 1788 2370 ΚΦ

269 2393 414 2439 scripsit
438 2398 500 2429 cet.
597 2394 716 2440 apion.
741 2395 818 2430 KB
843 2396 985 2442 appion.
1012 2400 1074 2432 cet.
1150 2396 1194 2432 10
1217 2396 1462 2431 testimonium
1493 2396 1526 2429 Φ
1612 2393 1787 2429 hebraeos

269 2452 425 2488 KMa.e.
498 2454 540 2488 11
569 2453 712 2489 eruditu
741 2455 781 2489 Φ.
848 2455 1010 2491 iunctam
1034 2456 1070 2490 L
1143 2455 1187 2490 12
1211 2454 1443 2490 bibliotecam
1468 2454 1629 2496 M,ma.c.
1653 2452 1785 2488 blibio-

267 2514 382 2546 tecam
408 2512 445 2546 Β
540 2513 736 2548 reuoluerit
761 2513 833 2548 LB
927 2514 1082 2560 phylone
1108 2514 1121 2549 l
1145 2514 1252 2549 filone
1277 2514 1357 2548 Mm
1449 2513 1492 2548 13
1519 2512 1685 2557 alterum]
1711 2513 1785 2547 ter-

269 2570 359 2605 cium
386 2569 428 2604 K
544 2570 603 2605 uel
629 2571 823 2606 secundum
849 2573 980 2608 seclusi
998 2576 1199 2617 praeeunte
1229 2572 1417 2608 Vallarsio
1536 2571 1596 2606 uel
1618 2569 1784 2605 iudaeum

270 2639 363 2663 eras.
388 2639 423 2663 m
495 2630 559 2664 alt.
586 2629 645 2664 uel
669 2641 737 2665 om.
763 2630 835 2666 LB
930 2630 1058 2668 iudaeo
1088 2632 1121 2666 Φ
1198 2631 1314 2666 critici
1342 2632 1374 2666 Φ
1397 2630 1548 2666 heretici
1570 2629 1787 2670 L,Ba.c.m2

270 2687 390 2722 cretici
416 2691 478 2723 cet.
572 2689 615 2723 15
640 2687 727 2724 disc.
754 2691 869 2734 apost.
895 2689 936 2724 K
1027 2690 1069 2725 16
1095 2692 1133 2725 et
1156 2701 1223 2725 om.
1251 2689 1295 2724 K
1386 2688 1589 2724 atheniensi
1613 2687 1648 2722 L
1671 2689 1783 2722 attre-

269 2746 402 2780 niensis
428 2749 459 2790 (r
483 2748 575 2791 exp.)
600 2747 636 2782 Β
743 2750 843 2793 pont.
869 2749 953 2784 eccl.
977 2760 1003 2793 ς
1109 2748 1255 2785 adriano
1281 2759 1325 2784 ex
1348 2748 1496 2784 hariano
1527 2748 1559 2781 Φ
1583 2746 1722 2781 arriano
1747 2744 1791 2780 K

272 2804 314 2838 17
340 2805 497 2839 eleusine
527 2807 593 2840 Φνη
619 2807 778 2842 eleusina
802 2807 874 2842 LB
971 2808 1015 2843 18
1040 2809 1180 2854 tantae]
1207 2809 1292 2843 ante
1317 2807 1352 2842 L
1465 2806 1621 2842 omnium
1645 2806 1721 2849 (um
1745 2804 1786 2839 in

270 2872 343 2896 ras.
368 2865 443 2906 7722)
469 2864 503 2898 Β
528 2865 690 2900 omnibus
716 2865 750 2899 L
846 2865 899 2911 ut]
927 2868 963 2901 et
987 2867 1022 2901 L
1119 2866 1342 2902 durissimam
1368 2865 1439 2901 LB
