1884 3254
0 2903 2 2982 l

22 1105 108 1147 ,ιο

639 249 847 296 Epistula
871 249 933 285 XL
961 248 1112 286 l—XLI
1140 252 1155 286 1
1575 257 1657 298 311

133 392 213 422 non
246 381 289 422 et
318 380 442 422 lucus
475 376 568 422 ideo
602 379 779 430 dicatur,
813 379 927 433 quod
958 378 1131 421 minime
1163 379 1318 431 luceat,
1352 381 1395 422 et
1424 381 1581 424 Parcae
1607 383 1657 424 ab

135 462 198 501 eo,
232 450 345 505 quod
381 460 647 505 nequaquam
684 451 868 504 parcant,
901 451 944 492 et
974 449 1229 493 Eumenides
1261 448 1413 494 Furiae
1451 454 1493 495 et
1528 454 1658 509 uulgo

132 521 363 575 Aethiopes
393 522 601 563 'nocentur
630 519 830 576 argentei.
868 519 1021 574 quodsi
1050 520 1093 562 in
1126 519 1407 574 descriptione
1443 521 1660 565 foedorum

135 602 300 646 semper
328 591 536 642 irasceris,
570 591 654 633 iam
685 593 729 634 te
763 603 860 634 cum
890 590 1036 634 Persio
1070 587 1248 634 cantabo
1279 591 1534 636 formosum:

252 665 302 704 te
335 664 525 716 optent
555 673 807 717 generum
839 675 925 704 rex
958 664 1009 704 et
1040 662 1239 718 regina,
1272 662 1491 718 puellae

252 735 302 775 te
334 733 567 788 rapiant:
601 733 866 787 quiequid
899 733 1207 776 calcaueris
1241 735 1310 785 tu,
1337 744 1459 777 rosa
1491 735 1605 778 fiat.

193 804 233 846 3.
254 803 372 846 Dabo
392 806 534 846 tamen
554 804 792 856 consilium,
814 803 968 858 quibus
994 804 1254 847 absconditis
1280 805 1420 859 possis
1446 806 1661 861 pulchrior

132 883 351 929 apparere:
389 880 519 917 nasus
558 887 640 917 non
677 874 874 917 uideatur
909 874 952 917 in
991 874 1113 926 facie,
1153 887 1289 917 sermo
1327 888 1408 918 non
1448 879 1570 920 sonet
1608 877 1659 919 atl

131 945 403 1000 loquendum,
443 948 569 1000 atque
600 946 659 988 ita
698 949 740 988 et
770 946 983 989 formosus
1017 945 1151 988 'uideri
1182 946 1341 1001 poteris
1381 948 1425 989 et
1461 946 1658 990 disertus.

840 1086 946 1128 XLI.

661 1180 737 1223 AD
769 1173 1129 1224 MARCELLAM.

195 1274 232 1317 1.
265 1274 538 1326 Testimonia,
573 1287 679 1329 quae
712 1275 762 1317 de
794 1274 992 1317 Iohannis
1033 1275 1254 1331 euangelio
1287 1278 1544 1331 congregata
1579 1275 1657 1318 tibi

129 1344 315 1398 quidam
341 1345 534 1387 Montani
569 1348 754 1388 sectator
789 1345 982 1400 ingessit,
1020 1346 1062 1387 in
1101 1346 1255 1400 quibus
1294 1346 1482 1389 saluator
1518 1349 1660 1389 noster

129 1427 177 1457 se
215 1415 265 1458 ad
304 1418 467 1470 patrem
503 1417 664 1458 iturum
702 1416 1018 1470 missurumque
1055 1417 1307 1470 paraclitum
1345 1417 1583 1471 pollicetur,
1614 1417 1656 1458 in

251 1567 267 1601 1
298 1566 342 1602 cf.
367 1566 494 1602 Isidor.
523 1567 613 1613 orig.
640 1567 658 1602 I
684 1568 741 1612 37,
767 1568 813 1603 24
905 1569 926 1603 5
951 1568 1050 1603 Pers.
1078 1567 1111 1612 2,
1137 1567 1278 1603 37-38
1314 1606 1319 1611 ⁵
1373 1567 1415 1602 12
1436 1567 1479 1603 cf.
1501 1567 1578 1603 Ioh.
1602 1568 1655 1608 14,

132 1626 186 1660 16.
216 1626 269 1670 15,
296 1627 353 1662 26.
385 1627 437 1671 16,
464 1627 555 1662 7-8

181 1721 194 1754 1
225 1722 322 1766 parci
350 1721 388 1756 Π
473 1723 494 1757 2
521 1724 645 1768 pareat
670 1722 708 1756 D
804 1721 1036 1757 heumenides
1068 1722 1119 1757 W
1141 1732 1222 1757 eum
1248 1721 1350 1757 uides
1378 1722 1412 1756 L
1507 1722 1652 1766 Furiae]

129 1780 218 1815 add.
246 1780 342 1826 quod
367 1791 437 1815 non
466 1781 541 1816 sint
565 1780 745 1827 benignae
763 1793 788 1826 g
861 1782 881 1816 3
907 1784 1084 1816 uocantur
1103 1781 1326 1826 D‚Ba.c.m2
1422 1782 1500 1827 argi
1524 1781 1566 1816 in
1590 1792 1656 1826 my.

129 1842 191 1875 m2
218 1840 305 1884 11,D
330 1840 527 1886 argentarii
552 1841 724 1886 Xp.e.m2
795 1840 979 1876 foederum
1004 1841 1044 1877 D
1069 1841 1232 1876 federum
1259 1840 1293 1876 L
1359 1842 1383 1876 4
1407 1841 1460 1886 te]
1487 1840 1557 1876 tibi
1583 1840 1658 1875 ΠΙ)

127 1911 208 1934 cum
235 1910 302 1934 om.
329 1899 368 1934 D
463 1900 682 1935 formonsum
708 1900 821 1946 ch,
848 1911 915 1937 om.
939 1912 964 1945 g
1036 1900 1057 1935 5
1084 1902 1211 1946 optent
1235 1902 1272 1936 te
1295 1911 1320 1945 g
1392 1901 1414 1935 6
1439 1900 1583 1946 rapient
1612 1899 1663 1934 W

130 1959 279 1994 calcaris
305 1959 451 1994 mawult
476 1959 716 2006 Enyelbrecht
823 1961 879 2006 tu]
907 1970 974 1995 om.
1002 1959 1073 1994 LB
1098 1960 1165 1995 hoe
1189 1971 1214 2004 g
1322 1971 1400 1995 rose
1426 1959 1460 1994 L
1569 1959 1658 1994 fiant

129 2018 231 2054 Lae.
259 2018 322 2053 fiet
353 2017 404 2053 W
484 2018 505 2054 8
531 2019 697 2065 apparari
728 2019 780 2054 W
883 2019 1012 2055 faciem
1043 2019 1212 2064 W,Xa.r.
1321 2019 1428 2054 sonat
1452 2018 1487 2053 L
1595 2017 1655 2063 ad]

129 2078 165 2112 in
191 2078 226 2112 L
346 2080 367 2113 9
393 2078 595 2114 formonsus
621 2079 655 2113 L
776 2082 813 2114 et
838 2078 1012 2114 dissertus
1039 2079 1115 2124 (pr.
1143 2091 1159 2113 s
1186 2090 1278 2114 eras.
1307 2079 1355 2124 Π)
1381 2077 1455 2112 uid.
1481 2079 1557 2124 pot.
1584 2077 1658 2112 HD

127 2136 304 2172 dissertus
330 2137 540 2183 L‚11a.r.‚D
566 2138 730 2174 desertus
763 2138 814 2173 W

411 2246 662 2290 Rev-olinensis
688 2257 752 2290 lat.
780 2258 827 2290 17
852 2267 879 2291 s.
906 2255 980 2290 IX.

417 2313 626 2350 Turicensis
650 2315 846 2360 Auyiensis
876 2316 925 2349 49
949 2326 978 2351 s.
1005 2315 1079 2349 IX.

340 2389 384 2402 =
418 2373 716 2424 Vaticanusblat
745 2375 819 2408 355
835 2373 976 2419 ÷356
1000 2385 1027 2409 8.
1054 2373 1216 2409 IX—X.

270 2432 305 2466 Β
343 2448 386 2461 =
413 2431 664 2468 Berolinensis
690 2433 755 2468 lat.
783 2435 829 2467 18
853 2444 882 2468 8.
910 2433 1007 2467 XII.

341 2330 384 2343 ΙΙ
341 2271 384 2284 ΙΙ

272 2255 306 2288 Α

274 2313 310 2348 Π

271 2373 309 2407 D

180 2549 218 2583 11
254 2548 299 2583 ad
331 2549 533 2584 marcellam
566 2549 610 2584 de
642 2550 712 2585 fide
744 2551 868 2585 nostra
900 2552 936 2585 et
970 2550 1141 2596 dogmata
1173 2550 1333 2585 heretica
1359 2549 1433 2585 AD
1465 2548 1509 2584 ad
1541 2549 1655 2594 ipsam

127 2607 332 2643 marcellam
366 2607 410 2643 de
442 2608 512 2644 fide
544 2611 581 2644 et
613 2608 756 2655 dogma.
787 2609 1008 2645 hieronimus
1032 2604 1224 2645 marcellae
1251 2608 1290 2644 Il
1311 2608 1357 2644 ad
1382 2607 1587 2643 marcellam
1613 2606 1660 2641 de

127 2667 350 2702 testimoniis
376 2667 557 2713 euangelii
582 2668 750 2703 iohannis
776 2668 960 2704 instruens
987 2679 1065 2704 eam
1090 2670 1216 2703 contra
1241 2668 1405 2703 montani
1424 2668 1585 2702 heresem
1605 2665 1657 2707 13,-

128 2725 347 2771 Hieronymi
370 2737 501 2761 nomen
526 2726 695 2762 exhibent
719 2727 820 2763 tituli
843 2727 885 2762 in
912 2727 983 2762 ΠΒ
1051 2727 1095 2762 12
1122 2738 1190 2772 que
1218 2726 1261 2762 de
1286 2727 1322 2761 B
1349 2726 1391 2761 de
1418 2730 1480 2761 cet.
1572 2735 1657 2760 eon-

129 2786 283 2830 gregata
308 2786 343 2820 A
438 2785 524 2832 tibi]
553 2797 643 2831 quae
670 2786 740 2822 tibi
758 2798 783 2832 g
852 2787 894 2822 13
919 2789 1091 2822 montana
1117 2788 1278 2822 sectatur
1302 2786 1337 2821 A
1414 2785 1457 2820 14
1481 2783 1654 2831 paraclyt.

128 2843 163 2876 Α
190 2843 352 2888 paraclit.
380 2843 407 2889 (i
431 2844 473 2879 in
498 2855 570 2880 ras.
599 2844 649 2889 11)
676 2848 739 2881 cet.
765 2844 936 2892 paraclet.
962 2856 986 2890 ς
1083 2856 1172 2890 quae
1199 2845 1235 2879 in
1259 2855 1284 2888 g
