1884 3254
266 288 348 330 162
808 281 963 316 Sancti
989 280 1244 326 Hieronymi

264 427 412 458 nomen
439 415 640 456 uxorum?
667 412 796 452 immo
824 409 933 452 unde
959 421 1118 451 nouum
1145 408 1472 451 concubinarum
1499 411 1661 463 genus?
1686 409 1784 463 plus

260 485 454 528 inferam:
494 483 603 525 unde
639 481 881 524 meretrices
921 479 1139 522 uniuirae‘?
1179 479 1325 521 eadem
1365 479 1502 530 domo,
1541 492 1624 522 uno
1669 479 1785 522 cubi·

262 556 370 605 culo,
397 567 520 609 saepe
552 566 633 595 uno
660 554 856 594 tenentur
882 553 925 592 et
948 550 1126 600 lectulo,
1149 552 1192 591 et
1223 549 1482 603 suspiciosos
1515 562 1590 592 nos
1615 552 1784 600 uocant,

195 635 198 639 ’
262 626 298 668 si
335 625 494 679 aliquid
532 623 819 666 aestimemus.
858 621 986 664 frater
1023 633 1208 663 sororem
1246 620 1455 676 uirginem
1493 620 1661 670 deserit,
1694 633 1785 663 cae-

260 697 388 738 libem
427 694 586 750 spernit
622 693 743 747 uirgo
783 704 1041 747 germanum,
1082 692 1138 742 et,
1171 703 1265 733 cum
1302 690 1345 732 in
1385 691 1528 733 eodem
1567 691 1784 746 proposito
1827 701 1847 731 a

262 779 354 809 esse
393 779 436 808 se
475 765 687 814 simulent,
726 764 932 817 quaerunt
969 761 1200 803 alienorum
1243 761 1432 815 spiritale
1476 762 1695 812 solacium,
1737 763 1788 804 ut

263 837 375 879 domi
400 837 580 878 habeant
607 835 768 877 carnale
795 832 1107 876 commercium.
1132 832 1377 874 istiusmodi
1402 832 1593 875 homines
1619 833 1662 874 in
1687 833 1786 880 Pro·

262 907 419 951 uerbiis
452 905 687 950 Salomonis
714 905 854 959 arguit
886 904 988 946 deus
1022 903 1185 945 dicens:
1214 902 1452 958 alligabit
1485 904 1596 957 quis
1623 904 1786 960 ignem

263 980 310 1021 in
342 979 454 1021 sinu
487 981 536 1020 et
566 976 878 1019 uestimenta
910 975 1019 1017 eius
1052 987 1143 1017 non
1179 974 1548 1017 conburentur?
1581 976 1668 1017 aut
1697 987 1787 1017 am-

263 1050 465 1093 bulabit
503 1061 653 1103 supra
691 1047 930 1090 carbones
968 1046 1101 1102 ignis
1141 1048 1188 1088 et
1225 1045 1375 1100 pedes
1413 1045 1562 1088 illius
1595 1058 1687 1088 non
1720 1058 1787 1088 ar·
1811 1053 1884 1103 1οἑ

265 1121 481 1163 debunt?

324 1192 389 1233 15.
422 1190 615 1244 Explosis
646 1189 784 1244 ¹igitur
822 1190 864 1230 et
904 1187 1189 1230 exterminatis
1234 1187 1315 1237 his,
1355 1201 1460 1242 quae
1505 1188 1653 1230 nolunt
1695 1200 1790 1230 esse

266 1262 464 1316 uirgines,
505 1260 583 1302 sed·
615 1256 764 1309 uideri,
802 1271 912 1300 nunc
947 1256 1003 1300 ‘ad
1035 1260 1076 1300 te
1108 1258 1213 1299 mihi
1246 1259 1381 1300 omnis
1414 1258 1610 1313 dirigitur
1641 1258 1790 1312 oratio,

262 1344 370 1385 quae
403 1332 557 1384 quanto
591 1330 724 1384 prima
755 1329 967 1371 Romanae
993 1329 1110 1371 urbis
1138 1329 1256 1383 uirgo
1289 1329 1442 1371 nobilis
1474 1341 1567 1372 esse
1598 1329 1790 1383 coepisti,
1879 1378 1881 1390 ἱ

261 1404 378 1444 tanto
417 1401 497 1443 tibi
536 1400 717 1455 amplius
755 1399 1029 1441 laborandum
1069 1402 1147 1450 est,
1179 1412 1229 1441 ne
1273 1402 1314 1441 et
1344 1396 1636 1454 praesentibus
1666 1400 1789 1442 bonis
1814 1393 1881 1467 153'

261 1484 404 1514 careas
444 1474 486 1514 et
522 1471 692 1513 futuris.
733 1472 776 1513 et
814 1470 984 1524 quidem
1022 1470 1240 1513 molestias
1279 1471 1522 1525 nuptiarum
1561 1470 1793 1514 etincerta
1873 1470 1881 1523 ξ’

264 1542 452 1597 coniugii
490 1541 540 1584 de
580 1541 812 1584 domestico
853 1540 1039 1595 exemplo
1079 1540 1280 1591 didicisti,
1314 1553 1410 1582 cum
1445 1553 1559 1583 soror
1590 1543 1666 1583 tua
1695 1541 1791 1583 Ble-
1874 1529 1879 1554 ³

384 1715 406 1749 8
433 1714 560 1748 *Prou.
588 1713 622 1754 6,
648 1713 790 1748 27—28

315 1797 332 1831 1
360 1795 636 1831 nouum—unde
663 1807 731 1831 om.
757 1795 800 1830 H
871 1807 1003 1831 nouum
1032 1806 1098 1830 om.
1126 1799 1139 1830 t
1212 1796 1233 1830 2
1261 1796 1394 1830 uniuiri
1418 1795 1458 1830 D
1482 1796 1544 1830 uni
1570 1796 1646 1830 uiro
1673 1799 1687 1831 t
1711 1795 1792 1830 uni·

263 1865 366 1890 nerse
390 1854 435 1889 Η
457 1855 644 1889 uniuersae
670 1855 725 1899 (in
751 1865 817 1899 my.
845 1854 883 1888 als
909 1854 1073 1888 uniuirae
1099 1854 1175 1899 m2)
1202 1854 1232 1888 Σ
1350 1865 1483 1899 aequae
1510 1853 1634 1889 eadem
1659 1854 1698 1890 D
1724 1865 1792 1900 que

266 1913 388 1948 eadem
408 1913 443 1947 B
469 1924 559 1958 quae
586 1912 665 1947 dem
693 1913 813 1957 (corr.)
833 1913 865 1947 Σ
936 1911 1056 1957 domo]
1083 1912 1189 1947 modo
1210 1912 1254 1946 H
1324 1914 1410 1958 uno]
1439 1913 1563 1947 eodem
1586 1914 1618 1947 Φ
1666 1914 1687 1947 3
1706 1910 1790 1956 uno]

267 1972 392 2007 eodem
420 1973 452 2006 Φ
552 1974 727 2007 tenuntur
751 1972 819 2006 ΣΒ
920 1971 1141 2017 suspiciosus
1167 1971 1259 2006 ΗΦύ
1360 1983 1425 2006 nos
1452 1970 1519 2007 om.
1546 1976 1560 2007 t
1630 1972 1653 2007 4
1679 1972 1789 2006 aesti—

264 2042 401 2066 mamus
427 2031 636 2073 Z'‚Ba.c.m2
662 2031 871 2065 extimemus
896 2030 936 2065 D
962 2030 1205 2066 existimamus
1229 2043 1253 2076 g
1461 2031 1587 2076 frater]
1615 2031 1702 2066 add.
1729 2030 1790 2077 qui

267 2090 440 2135 spiritalis
467 2093 522 2124 est
548 2090 607 2125 kB
680 2089 862 2124 desiderat
880 2089 924 2124 H
971 2091 991 2124 5
1018 2091 1155 2135 spernis
1181 2091 1214 2125 Σ
1283 2091 1504 2136 germanum]
1532 2090 1616 2125 add.
1643 2090 1791 2125 fratrem

266 2149 404 2194 quaerit
430 2151 638 2183 extraneum
665 2148 732 2183 ΣΒ
834 2149 870 2183 in
898 2159 966 2184 om.
999 2150 1031 2183 Φ
1128 2148 1269 2194 eodem]
1297 2149 1383 2184 add.
1411 2161 1514 2184 carne
1541 2149 1790 2184 commercium

267 2209 376 2251 (eoep.)
407 2208 438 2241 Φ
486 2208 507 2242 6
533 2208 586 2252 se]
616 2207 658 2242 de
687 2207 776 2247 Η,Φ
801 2207 908 2252 (exp.)
984 2208 1156 2243 simulant
1179 2208 1350 2243 Ba.‹:.m2
1423 2209 1572 2244 aliorum
1599 2212 1613 2243 t
1685 2208 1790 2254 spiri-

265 2266 362 2300 tuale
387 2266 423 2300 B
496 2267 550 2311 ut]
578 2269 614 2301 et
643 2267 675 2300 Φ
723 2267 743 2301 7
771 2278 864 2301 carn.
893 2278 1018 2302 comm.
1047 2278 1114 2302 om.
1145 2268 1176 2301 Φ
1200 2267 1261 2313 (cf.
1291 2267 1341 2302 ad
1367 2267 1389 2302 l.
1421 2269 1456 2314 5)
1553 2268 1731 2303 carnalem
1750 2266 1796 2302 H

266 2335 370 2359 carne
396 2325 557 2359 Σα.ο.ηι,2
631 2326 790 2360 salomon
815 2327 852 2361 in
878 2338 978 2372 prou.
1003 2339 1027 2371 g
1076 2327 1097 2361 8
1125 2327 1315 2362 salamonis
1335 2327 1420 2362 KH
1443 2328 1642 2362 salomones
1668 2328 1790 2372 (corr.)

271 2383 303 2417 Φ
327 2383 487 2418 salomon
515 2384 552 2418 D
578 2384 736 2418 salamon
764 2385 795 2418 Σ
892 2385 1027 2430 arguit]
1057 2385 1196 2430 spernit
1221 2386 1289 2420 ΣΒ
1392 2386 1479 2421 deus
1505 2397 1572 2422 om.
1596 2397 1621 2431 ς
1729 2385 1790 2431 qui

269 2443 366 2488 allig.
397 2444 429 2477 Φ
507 2444 674 2489 alligabit
699 2444 818 2478 ΚΦΨ
840 2445 909 2479 -uit
934 2450 996 2480 cet.
1083 2447 1154 2490 ign.
1182 2446 1218 2480 in
1244 2446 1324 2480 sinu
1350 2445 1433 2480 KP
1456 2447 1492 2480 iu
1519 2446 1598 2480 sinu
1625 2446 1698 2490 ign.
1724 2449 1787 2481 cet.

266 2503 287 2537 9
315 2502 412 2536 illius
438 2502 484 2536 Σύ
626 2514 694 2537 uon
723 2513 790 2538 om.
821 2504 852 2537 Φ
1001 2504 1204 2539 ambulauit
1230 2505 1543 2549 Hz‘spkssaaeme
1567 2505 1749 2539 ambulare
1775 2508 1790 2540 t
1853 2552 1855 2554 K

270 2563 313 2597 10
339 2573 446 2607 supra
463 2562 546 2596 KPI‘
570 2573 674 2606 super
700 2566 762 2596 cet.
883 2563 994 2607 illius]
1024 2563 1098 2597 eius
1124 2564 1170 2604 B,
1197 2574 1265 2598 om.
1291 2564 1359 2599 ΣΒ
1480 2564 1671 2609 ardebunt]
1700 2563 1787 2600 add.

269 2621 320 2656 sic
346 2621 406 2665 qui
431 2621 545 2655 intrat
570 2621 615 2655 ad
641 2621 823 2655 mulierem
853 2622 1005 2656 alienam
1032 2633 1102 2656 non
1131 2623 1199 2657 erit
1224 2624 1410 2668 inpunitus
1441 2623 1478 2658 ¹1¹
1597 2624 1639 2658 12
1666 2622 1788 2668 expul—

268 2679 316 2713 sis
347 2679 378 2712 Φ
463 2690 533 2722 qua
560 2681 680 2722 (corr.)
706 2679 749 2713 K
771 2679 832 2723 qui
858 2679 900 2712 H
983 2691 1053 2714 non
1080 2680 1207 2714 uolunt
1231 2681 1275 2715 H
1351 2683 1394 2716 13
1421 2681 1595 2726 dirigetur
1620 2681 1735 2715 omnis
1759 2680 1792 2716 Σ

269 2737 443 2781 dirigetur
467 2737 537 2771 ΣΙῡι
567 2737 744 2782 dirigatur
767 2738 799 2771 Φ
850 2738 892 2772 14
918 2749 1011 2782 quau
1037 2738 1134 2781 (del.)
1164 2742 1297 2784 quanto
1318 2740 1353 2773 B
1380 2742 1590 2785 quantorum
1611 2742 1731 2784 (corr.)
1752 2739 1790 2773 D

268 2797 382 2840 prima
407 2807 474 2830 om.
500 2796 522 2831 k
607 2795 746 2831 nobiles
774 2799 895 2839 (corr.)
927 2798 967 2840 Φ,
994 2808 1060 2832 om.
1089 2802 1101 2831 t
1172 2799 1213 2832 15
1240 2801 1380 2833 tantum
1407 2799 1439 2833 Σ
1499 2799 1540 2832 17
1567 2798 1735 2842 coniugia
1753 2797 1788 2832 B

269 2854 312 2888 de
338 2865 404 2888 om.
430 2866 454 2899 g
551 2854 747 2899 exemplum
774 2854 817 2888 K
839 2858 878 2898 (s.
907 2855 930 2889 l.
957 2856 1042 2900 m2),
1075 2856 1110 2889 ¹1¹
1205 2856 1363 2891 habuisti
1388 2857 1426 2891 D
1528 2856 1656 2891 blesila
1680 2855 1787 2900 Kp.c.
