1884 3254
214 244 302 286 584
757 242 909 277 Sancti
936 242 1189 287 Hieronymi

214 372 344 414 traria
383 372 496 414 iuxta
534 371 772 425 apostolum
811 371 991 412 Paulum
1031 370 1256 413 dicentem:
1297 371 1466 413 omnia
1501 371 1736 424 probate.

154 448 163 462 ‘
216 455 348 497 quae
385 442 520 484 bona
557 443 695 492 sunt,
732 440 981 483 retinete.
1021 443 1222 491 ceterum,
1261 441 1333 495 qui
1371 442 1443 483 uel
1478 442 1520 483 in
1553 454 1735 484 amorem

215 513 306 555 eius
347 512 523 553 nimium
561 512 631 553 uel
667 511 708 552 in
748 511 890 552 odium
929 511 1137 554 stomachi
1174 511 1241 553 sui
1272 512 1480 566 prauitate
1513 513 1736 563 ducuntur,

213 582 411 624 uidentur
447 582 551 623 mihi
582 581 652 623 -illi
689 581 914 623 maledicto
953 581 1198 636 prophetico
1237 582 1470 625 subiacere:
1509 595 1603 626 uae
1642 583 1736 626 eis,

215 653 305 706 qui
356 652 543 694 dicunt
584 651 1010 694 bonum-malum
1058 654 1109 693 et
1152 652 1345 694 malum
1387 652 1594 703 bonum,
1645 654 1735 708 qui

214 723 427 765 faciunt
469 735 698 764 amarum
745 722 899 764 dulce
944 725 995 763 et
1032 722 1188 764 dulce
1226 735 1470 766 amarum.
1513 735 1589 765 nec
1627 723 1741 766 enim*

216 795 387 848 propter
424 793 654 835 doctrinam
693 793 784 835 eius
820 805 951 847 praua
988 793 1255 847 suscipienda
1292 795 1391 835 sunt
1427 793 1624 848 dogmata
1659 805 1737 836 uec

213 866 382 917 propter
411 863 658 919 dogmatum
688 862 957 917 p1·auitatem‚
990 863 1027 905 si
1059 875 1165 917 quos
1191 863 1513 906 commentarios
1538 863 1580 905 in
1606 864 1738 918 scrip-

153 946 162 971 :
213 937 330 976 turas
373 936 538 976 sanctas
575 934 703 975 utiles
743 933 886 984 edidit,
930 933 1098 987 penitus
1135 933 1359 988 respuendi
1397 936 1508 976 sunt.
1551 934 1663 988 quod
1698 935 1736 976 si

215 1004 523 1046 contentiosum
566 1004 676 1046 inter
719 1016 762 1045 se
802 1005 1010 1045 amatores
1048 1004 1138 1046 eius
1176 1006 1219 1045 et
1255 1004 1557 1046 obtrectatores
1593 1004 1734 1046 funem

212 1074 397 1124 trahunt,
436 1076 484 1116 ut
520 1075 624 1116 nihil
661 1074 846 1133 medium
885 1074 1085 1128 adpetant
1119 1087 1194 1117 nec
1232 1076 1402 1134 sement
1436 1074 1623 1125 modum,
1662 1074 1737 1117 sed

213 1147 351 1188 totum
389 1147 463 1187 aut
498 1141 676 1200 probent
706 1146 780 1187 aut
809 1145 1041 1199 inprobent,
1078 1145 1278 1187 libentius
1309 1145 1422 1199 piam
1452 1145 1735 1188 rusticitatem

213 1229 338 1270 quam
384 1216 550 1258 doctam
593 1215 898 1270 blasphemiam
941 1216 1109 1270 eligam.
1155 1219 1325 1259 sanctus
1369 1216 1496 1258 frater
1537 1215 1736 1258 Tatianus

212 1290 255 1328 te
286 1286 482 1340 inpendio
514 1286 730 1328 resalutat.

333 1425 349 1458 1
379 1424 417 1458 *Ι
442 1423 565 1459 Thess.
594 1425 626 1468 5,
653 1425 695 1458 21
770 1425 794 1459 4
819 1420 935 1459 *Esai.
961 1425 993 1465 5,
1020 1425 1065 1459 20

263 1506 278 1540 1
307 1506 459 1541 Paulum
485 1516 553 1541 om.
578 1506 618 1539 D
672 1506 693 1540 2
720 1516 811 1550 quae
832 1507 895 1550 (cf.
909 1516 947 1550 p.
974 1508 1062 1549 576,
1085 1507 1136 1551 9)]
1164 1505 1259 1551 quod
1283 1505 1397 1540 KFB
1470 1505 1601 1540 bonum
1625 1506 1735 1552 FQB

213 1564 310 1609 sunt]
337 1566 393 1599 est
416 1563 489 1598 FB
566 1566 690 1599 tenete
714 1564 787 1599 FB
866 1565 1039 1609 ceterum]
1066 1567 1161 1599 certe
1186 1564 1226 1598 F
1307 1565 1367 1609 qui
1392 1564 1464 1610 uel]
1489 1565 1548 1600 uel
1573 1565 1635 1610 qui
1659 1564 1735 1609 KQ

214 1623 298 1667 quia
321 1622 381 1657 uel
405 1623 444 1657 D
469 1622 531 1667 qui
556 1622 596 1656 F
712 1624 733 1658 3
758 1623 796 1658 in
821 1622 895 1668 od.]
921 1622 1101 1658 modicum
1125 1634 1170 1659 ex
1192 1619 1350 1658 modium
1375 1623 1415 1657 F
1526 1624 1580 1658 sui
1605 1615 1672 1658 om.
1697 1624 1740 1658 F

212 1684 235 1717 4
260 1681 405 1716 uidetur
428 1681 468 1716 F
571 1682 626 1716 illi
649 1694 678 1718 s.
705 1682 728 1717 l.
754 1683 864 1726 m2B,
890 1693 958 1718 om.
983 1682 1024 1717 F
1120 1682 1186 1728 eis]
1210 1683 1268 1717 his
1291 1694 1316 1727 ς
1410 1683 1432 1717 8
1458 1682 1578 1727 dogm.
1602 1692 1672 1717 om.
1697 1681 1738 1716 F

213 1741 413 1784 prauitates
439 1740 482 1774 N
557 1740 587 1774 si
613 1751 679 1776 om.
711 1740 741 1786 Q
819 1741 1006 1786 scripturis
1031 1741 1165 1776 sanctis
1189 1741 1228 1775 D
1278 1742 1318 1775 11
1346 1740 1496 1775 trahunt
1519 1740 1563 1775 K
1582 1740 1624 1775 in
1649 1745 1673 1776 t.
1704 1741 1736 1786 Q

214 1798 379 1833 duxerint
404 1802 464 1834 cet.
492 1798 550 1842 (K
571 1799 612 1833 in
637 1810 703 1845 my.
728 1801 805 1842 m2)
917 1800 959 1835 13
985 1799 1080 1845 Tat.]
1107 1800 1193 1835 add.
1221 1799 1393 1835 diaconus
1416 1799 1545 1839 DN,B
1568 1810 1595 1834 8.
1623 1799 1646 1834 l.
1671 1802 1734 1834 m2

215 1858 260 1892 14
284 1857 356 1902 inp.
383 1859 420 1892 te
445 1857 525 1892 DN
619 1859 656 1892 te
681 1868 709 1892 s.
737 1858 759 1894 l.
785 1860 848 1892 7122
873 1857 917 1892 K
1007 1857 1254 1903 in(mQ)pedio
1279 1857 1319 1892 F
1319 1857 1418 1904 Qaae.
1522 1858 1657 1892 salutat
1680 1857 1735 1900 F,-

215 1915 302 1951 add.
330 1916 477 1962 explicit
504 1915 548 1950 ad
573 1916 847 1960 tranquillinum
875 1916 916 1950 K
