1884 3254
215 252 301 294 280
757 247 908 282 Sancti
932 245 1187 290 Hieronymi

215 392 380 422 sensus:
415 378 611 431 ‘quinque
644 378 783 417 autem
821 374 1097 416 ascenderunt
1132 373 1210 415 filii
1239 373 1399 415 Israhel
1431 373 1480 415 de
1511 377 1619 416 terra
1652 377 1730 417 Ae-

217 450 366 504 gypti‘3
390 448 500 502 quod
520 447 617 501 quia
635 446 773 488 minus
800 445 1022 486 uidebatur
1045 442 1251 498 intellegi,
1272 443 1468 486 adiuncta
1491 443 1730 499 egeneratio'

216 522 290 562 est.
315 519 510 572 Aquilam
535 529 633 559 uero
661 518 703 558 et
726 516 767 557 in
800 515 951 557 ceteris
984 516 1026 556 et
1055 514 1097 555 in
1128 515 1207 556 hoc
1239 514 1417 556 maxime
1446 515 1539 557 loco
1566 517 1730 570 proprie

211 589 476 631 transtulisse
503 586 636 629 omnis
662 586 817 627 Iudaea
842 584 1076 627 conclamat
1101 586 1142 627 et
1167 597 1474 640 synagogarum
1502 589 1731 629 consonant

212 658 409 700 uniuersa
441 656 655 705 subsellia,
690 655 800 708 quod
831 654 1032 696 uidelicet
1061 653 1174 696 idem
1211 666 1346 697 sermo
1386 656 1429 697 et
1465 656 1623 698 eisdem
1660 657 1728 699 lit-

211 729 312 770 teris
356 727 536 780 scriptus
581 726 767 768 diuersas
812 725 923 778 apud
966 736 1037 766 eos
1081 726 1124 766 et
1165 737 1291 767 uoces
1336 727 1378 768 et
1419 726 1729 781 intellegentias

211 799 373 839 habeat.
400 810 446 839 ex
473 796 625 850 quibus
658 795 836 849 exempli
863 807 990 837 causa
1013 808 1145 837 unum
1170 795 1380 850 ponimus,
1405 798 1467 847 ut,
1494 797 1606 851 quod
1631 796 1731 840 dici-

211 881 318 921 mus,
355 868 623 922 perspicuum
665 867 756 909 fiat:
790 868 1007 920 ‘pastores'
1040 868 1082 908 et
1111 867 1348 909 ‘amatores‘
1386 867 1543 910 eisdem
1574 868 1729 911 litteris

196 939 468 981 scribuntur:
501 950 581 987 res,
621 937 699 988 ain,
738 936 820 986 iod,
858 948 984 987 mem,
1019 935 1094 978 sed
1124 938 1315 990 pastores
1346 935 1490 989 eroim’,
1524 940 1728 980 amatores

209 1009 406 1064 leguntur
440 1006 583 1050 ereim’.
618 1007 726 1049 unde
759 1007 912 1057 euenit,
945 1008 1007 1055 ut,
1039 1007 1112 1048 ubi
1136 1006 1405 1049 Hierusalem
1436 1008 1477 1049 in
1508 1008 1726 1063 prophetis

211 1092 305 1121 cum
338 1079 593 1120 amatoribus
621 1078 709 1120 suis
741 1077 1027 1120 fornicationis
1054 1078 1258 1133 arguitur,
1283 1078 1344 1120 ibi
1367 1078 1410 1119 in
1436 1079 1592 1121 nostris
1619 1078 1730 1122 codi-

210 1150 327 1191 cibus
359 1162 431 1202 pro
465 1148 719 1191 amatoribus
751 1150 971 1202 pastorum
1003 1161 1152 1191 nomen
1186 1148 1243 1190 sit
1273 1149 1544 1191 inmutatum.

270 1219 337 1262 14.
372 1218 466 1261 Scio
499 1218 601 1260 haec
633 1218 812 1260 molesta
845 1229 936 1260 esse
967 1218 1129 1270 lectori,
1158 1218 1231 1260 sed
1265 1218 1314 1260 de
1345 1219 1549 1262 Hebraeis
1575 1220 1729 1263 litteris

209 1290 495 1343 disputantem
532 1301 612 1330 non
651 1289 771 1331 decet
806 1288 1048 1331 Aristotelis
1088 1292 1334 1344 argumenta
1372 1290 1615 1344 conquirere
1653 1303 1728 1334 nec

209 1373 255 1402 ex
295 1359 466 1401 flumine
510 1359 702 1401 Tulliano
748 1359 1012 1413 eloquentiae
1057 1360 1272 1402 ducendus
1323 1362 1389 1402 est
1435 1361 1602 1404 riuulus
1651 1374 1726 1404 nec

209 1443 327 1473 aures
361 1430 609 1483 Quintiliani
645 1430 834 1472 flosculis
874 1432 916 1472 et
953 1431 1104 1473 scolari
1136 1431 1439 1473 declamatione
1469 1431 1729 1475 mulcendae.

206 1501 411 1555 pedestris
438 1502 480 1543 et
505 1500 736 1543 cotidianae
763 1501 914 1544 similis
941 1504 984 1544 et
1001 1502 1160 1544 nullam
1180 1494 1515 1544 lucubrationem
1534 1502 1725 1545 redolens

207 1572 336 1614 oratio
381 1571 615 1613 necessaria
658 1573 735 1622 est,
775 1584 881 1626 quae
909 1585 1012 1614 rem
1056 1572 1247 1627 explicet,
1292 1584 1472 1622 sensum,
1507 1571 1724 1624 edisserat,

207 1642 382 1684 obscura
402 1642 654 1693 manifestet,
675 1654 755 1684 non
783 1655 887 1696 quae
914 1643 1138 1685 uerborum
1165 1643 1451 1696 conpositione
1476 1643 1716 1686 frondescat

325 1791 367 1827 10
393 1792 437 1826 cf.
462 1791 560 1826 Hier.
587 1793 620 1838 3,
645 1793 664 1827 1

254 1873 271 1907 1
300 1873 503 1918 quinquess
528 1874 654 1919 quinta
679 1874 775 1920 qu
801 1875 918 1919 quinti
937 1874 1013 1910 AD
1084 1875 1218 1910 israhel
1236 1875 1313 1910 AD
1336 1875 1446 1910 israel
1470 1879 1533 1911 cet.
1583 1875 1604 1909 2
1630 1875 1727 1921 quod

206 1932 304 1977 quia]
333 1943 493 1978 quaeque
520 1939 552 1969 tn
674 1934 694 1968 3
721 1934 842 1978 aquila
867 1934 1090 1978 Aa.c.m2,D
1179 1945 1240 1979 pr.
1268 1934 1318 1980 et]
1343 1936 1384 1969 ut
1407 1945 1432 1979 ,ς
1549 1934 1573 1969 4
1597 1934 1726 1969 iudaee

205 1992 242 2035 (a
266 1993 372 2035 eras.)
398 2002 417 2037 q
563 1993 675 2038 cons]
704 1993 927 2028 conclamant
950 1993 1027 2028 AD
1147 1995 1167 2029 5
1195 1993 1305 2038 quod]
1332 2004 1423 2039 quae
1449 2000 1482 2029 m
1509 1992 1605 2039 quod
1630 1992 1725 2038 apud

206 2049 330 2084 ebreos
356 2051 449 2085 sicut
474 2053 511 2086 et
535 2051 631 2096 apud
655 2062 721 2086 nos
747 2063 876 2087 onoma
900 2053 1132 2087 inueniantur
1156 2052 1251 2098 quod
1274 2053 1311 2087 Β
1383 2052 1471 2097 uid.]
1498 2052 1586 2087 add.
1612 2052 1671 2087 uel
1690 2052 1726 2087 B

203 2107 313 2152 idem]
340 2107 378 2142 id
404 2110 460 2144 est
484 2109 654 2145 Aa.c.m2
679 2110 800 2145 esdem
825 2112 933 2155 (corr.
959 2110 1107 2155 eisdem)
1133 2117 1166 2147 m
1191 2111 1306 2146 isdem
1332 2121 1353 2156 q
1438 2110 1585 2156 eisdem]
1610 2110 1725 2145 isdem

204 2167 239 2201 Β
264 2166 402 2202 hisdem
427 2168 460 2202 Ω
544 2169 564 2203 6
591 2171 628 2203 et
654 2169 748 2215 apud
773 2170 807 2204 Ω
895 2181 956 2215 pr.
983 2172 1020 2205 et
1044 2181 1110 2205 om.
1138 2170 1172 2205 Ω
1255 2170 1274 2205 7
1299 2170 1437 2205 habent
1460 2175 1517 2215 mq
1612 2180 1724 2215 pone-

203 2236 282 2260 mus
309 2232 365 2270 mq
480 2227 590 2272 quod]
619 2239 687 2273 que
714 2235 746 2265 m
863 2229 1020 2264 dicemus
1044 2229 1151 2274 Dp.c.
1237 2229 1258 2264 9
1285 2229 1356 2274 ain]
1383 2229 1438 2264 sin
1461 2229 1498 2264 Β
1610 2229 1666 2264 iot
1690 2234 1722 2265 m

204 2283 267 2319 ted
284 2285 331 2328 B,
357 2296 423 2320 om.
444 2286 477 2320 Ω
548 2298 629 2322 men
656 2293 688 2323 m
742 2288 786 2323 10
811 2288 900 2323 reim
923 2288 1002 2323 AD
1025 2289 1128 2324 relim
1154 2288 1180 2332 (l
1204 2289 1298 2335 exp.)
1317 2289 1352 2323 B
1376 2289 1466 2323 raim
1486 2295 1543 2334 inq
1568 2289 1724 2324 reaimss

204 2342 256 2377 ibi
284 2349 339 2388 ωε]
422 2345 461 2378 11
489 2345 595 2390 sorn.]
623 2346 870 2382 fornicationis
897 2348 954 2394 (ex
979 2348 1102 2383 -nibus
1127 2349 1178 2394 A)
1202 2348 1336 2383 scelere
1359 2348 1472 2384 ADB
1567 2358 1722 2393 arguun-

205 2403 264 2436 tur
289 2402 324 2436 Β
425 2404 571 2450 nostris]
598 2405 654 2439 his
679 2405 718 2440 D
805 2407 847 2441 12
873 2418 1003 2442 nomen
1027 2408 1069 2443 in
1092 2418 1168 2443 ras.
1193 2410 1256 2442 m2
1279 2408 1316 2442 Β
1401 2408 1446 2442 13
1470 2407 1560 2442 haec
1582 2419 1611 2444 8.
1638 2409 1660 2443 1.
1685 2407 1723 2442 Β

204 2459 403 2495 hebraeicis
429 2467 485 2507 mq
512 2463 688 2499 hebraicis
712 2476 736 2509 g
838 2466 971 2501 litteris
994 2467 1029 2501 Ω
1051 2466 1154 2502 libris
1180 2468 1285 2513 qu,
1311 2478 1378 2502 om.
1402 2466 1479 2502 AD
1576 2468 1620 2503 14
1644 2479 1721 2503 are·

205 2519 347 2553 stotelis
373 2525 429 2565 roq
456 2521 643 2556 aristotilis
669 2524 890 2568 Aa.c.m2,D
1011 2526 1054 2561 15
1078 2526 1229 2561 tulliane
1254 2526 1421 2571 Bp.c.m2
1551 2526 1720 2562 dicendus

203 2577 368 2613 Qa.c.m2
463 2580 596 2615 riuolus
610 2582 848 2626 Qq,Aa.c.m2
871 2584 924 2618 hii
948 2585 1071 2631 (eras.)
1097 2585 1236 2620 riuulus
1256 2591 1288 2622 m
1363 2585 1407 2620 16
1434 2585 1655 2631 quintilliani
1673 2586 1720 2628 A,

203 2635 305 2680 ch.
372 2637 512 2672 flosculi
535 2639 568 2673 Ω
640 2640 794 2676 scholari
818 2643 852 2676 Ω
876 2643 1010 2688 sgolari
1035 2649 1068 2681 m
1144 2644 1187 2678 17
1212 2644 1371 2690 pedestri
1396 2644 1430 2679 Ω
1495 2655 1554 2689 pr.
1581 2645 1630 2680 etl
1657 2644 1722 2680 sed

202 2694 275 2730 Aa.
280 2696 411 2730 cm2D
520 2697 728 2742 quotidiane
752 2700 789 2734 Β
815 2701 1043 2746 cot(t)idian0
1070 2702 1264 2746 (cotidiane
1289 2705 1352 2739 m2
1375 2703 1426 2747 A)
1452 2707 1513 2738 cet.
1621 2703 1720 2738 nulla

203 2752 451 2789 lucubratione
477 2755 552 2790 AD
575 2757 674 2792 nulla
699 2759 776 2802 (m2
801 2761 836 2802 a)
863 2760 1115 2805 lugubratione
1140 2763 1217 2806 (m2
1241 2765 1274 2805 e)
1298 2762 1335 2796 Β
1408 2762 1451 2797 18
1479 2763 1583 2807 quae]
1611 2763 1671 2808 qui
1697 2772 1717 2807 q

206 2811 248 2845 19
274 2822 344 2846 non
371 2823 460 2858 quae
487 2814 529 2859 Ω,
536 2814 568 2848 Β
594 2816 702 2859 (corr.
727 2827 843 2862 neque
868 2820 943 2862 m2)
970 2830 1085 2865 neque
1111 2824 1173 2855 cet.

1750 1020 1786 1050 10

1751 1373 1787 1404 15
