1884 3254
599 214 805 260 Epistula
829 215 895 250 XX
920 215 1074 251 5—XXI
1100 217 1117 251 1
1539 223 1621 265 11].

811 346 924 388 ΧΧΙ.

664 439 739 481 ΑΙ)
772 437 1066 482 DAMASUM.

23 587 31 590 ,Ἰ
162 533 200 573 1.
232 531 516 576 Beatitudinis
541 534 640 575 tuae
666 532 938 588 interrogatio
967 532 1199 588 disputatio
1231 534 1315 577 fuit
1346 536 1389 577 et
1413 534 1475 577 sic
1501 547 1626 590 quae-

27 609 51 660 J
99 601 207 646 sisse
239 602 475 657 quaerenda
499 603 614 646 uiam
640 605 706 646 est
733 601 898 646 dedisse
931 603 1146 658 quaesitis.
1179 604 1437 659 sapienter
1469 605 1624 660 quippe

30 686 76 715 .5
98 672 431 729 interroganti
463 673 716 729 sapientia
748 674 1084 728 reputabitur.
1118 675 1200 718 ais:
1234 675 1343 730 ‘quis
1370 678 1437 718 est
1466 676 1548 719 iste
1581 676 1623 719 in

23 788 30 802 ἦ
99 743 318 799 euangelio
343 746 476 800 pater,
503 744 577 799 qui
605 744 770 787 duobus
797 745 896 788 filiis
923 745 1205 788 substantiam
1232 746 1413 789 diuidit?
1441 747 1514 802 qui
1539 747 1625 790 duo

24 835 26 837 ·
97 813 202 857 filii?
235 814 307 869 qui
339 815 472 858 maior
503 815 631 869 quiue
663 815 830 859 minor?
862 816 1072 870 quomodo
1105 816 1243 859 iunior
1280 818 1495 871 acceptam
1527 817 1624 860 sub—

18 910 24 914 ·
99 885 296 928 stantiam
331 899 424 928 cum
458 887 750 930 meretricibus
784 887 978 942 dissipat,
1006 887 1115 930 fame
1146 887 1258 930 facta
1290 897 1314 930 a
1345 888 1531 942 principe
1562 901 1624 931 re

99 956 234 1012 gionis
271 957 542 1013 praeponitur
576 957 729 1012 pomis,
769 956 945 1012 siliquas
984 957 1181 1010 comedit,
1220 957 1272 1000 ad
1301 960 1465 1012 patrem
1501 957 1623 1009 redit,

31 1038 77 1067 10
101 1027 255 1082 accipit
299 1029 486 1079 anulum,
527 1028 679 1071 stolam
719 1030 762 1071 et
798 1028 1043 1071 immolatur
1088 1028 1126 1071 ei
1169 1029 1332 1072 uitulus
1377 1029 1624 1084 saginatus?

99 1098 171 1152 qui
203 1098 260 1141 sit
290 1098 423 1142 maior
452 1099 580 1141 frater
612 1101 654 1141 et
686 1100 896 1153 quomodo
930 1099 980 1142 de
1012 1112 1111 1155 agro
1149 1100 1323 1143 ueniens
1363 1099 1626 1154 susceptioni

21 1184 24 1186 ·
93 1169 237 1222 fratris
266 1169 483 1212 inuideat?
515 1171 557 1212 et
589 1172 738 1222 cetera,
772 1182 878 1225 quae
910 1170 952 1213 in
979 1170 1199 1226 euangelio
1226 1170 1392 1226 plenius
1420 1170 1624 1227 explican-

10 1243 26 1279 ζ
96 1242 193 1283 tur’.
219 1240 340 1283 addis
364 1240 552 1295 insuper:
579 1241 682 1284 ‘scio
708 1242 868 1285 multos
894 1241 1063 1284 diuersa
1086 1242 1128 1284 in
1154 1242 1231 1285 hac
1262 1242 1444 1285 lectione
1469 1241 1624 1289 dixisse

98 1312 141 1352 et
174 1310 347 1353 fratrem
385 1311 584 1354 maiorem
621 1311 840 1364 Iudaeum,
878 1312 1084 1355 minorem
1123 1301 1379 1355 aestimasse
1410 1312 1623 1368 gentilem

32 1393 75 1422 ,1⁶
99 1381 173 1424 sed
205 1394 371 1436 quaero,
405 1383 615 1437 quomodo
642 1382 815 1426 Iudaico
848 1385 1005 1438 populo
1038 1383 1175 1439 possit
1200 1383 1353 1437 aptari:
1388 1396 1511 1426 ecce
1542 1385 1625 1426 tot

101 1454 253 1496 annis
298 1454 480 1496 seruio
531 1454 635 1496 tibi
686 1456 737 1497 et
785 1467 1070 1508 numquam
1119 1455 1426 1497 mandatum
1474 1457 1624 1497 tuum

23 1574 25 1576 ³
99 1525 417 1579 praeteriui,
457 1527 509 1567 et
545 1539 827 1580 numquam
867 1526 1074 1569 dedisti
1110 1525 1242 1568 mihi
1284 1525 1523 1576 haedum,
1567 1527 1626 1567 ut

217 1666 240 1699 4
266 1664 392 1699 *Prou.
421 1665 475 1709 17,
502 1665 548 1701 28
622 1667 643 1702 6
670 1665 714 1702 cf.
741 1665 826 1720 Luc.
856 1666 910 1710 15,
940 1665 1078 1700 11-32
1155 1665 1198 1700 15
1222 1665 1308 1700 Luc.
1338 1665 1393 1706 15,
1419 1665 1465 1699 29

241 1748 268 1781 Δ
313 1764 356 1776 =
382 1747 643 1793 Lugdunensis
671 1750 750 1783 602
774 1759 803 1783 s.
836 1747 902 1782 VI.

244 1805 277 1839 Σ
313 1822 358 1835 =
388 1805 596 1842 Turicensis
620 1806 817 1851 Auyiensis
846 1808 891 1840 41
917 1817 944 1841 s.
970 1806 1046 1840 IX.

247 1865 299 1899 W
383 1865 585 1900 Parisinus
610 1865 676 1900 lat.
702 1867 806 1900 1868
829 1876 856 1900 s.
883 1865 958 1900 IX.

242 1924 284 1957 X
315 1940 360 1953 =
385 1924 587 1959 Parisinus
611 1923 677 1959 lat.
707 1925 811 1958 9532
835 1935 863 1959 s.
888 1924 964 1958 IX.

241 1983 280 2017 D
314 1999 358 2003 —
389 1982 596 2018 Vaticanus
621 1983 687 2018 lat.
713 1983 791 2017 355
815 1982 862 2027 -l-
888 1984 967 2017 356
991 1994 1020 2018 s
1045 1982 1205 2017 IX—X.

245 2042 275 2088 Q
312 2058 356 2063 —
381 2042 591 2078 Duacensis
615 2044 697 2077 247
721 2053 749 2077 s,
774 2042 848 2077 XI.

241 2102 278 2136 B
315 2118 359 2123 -
384 2102 636 2138 Berolinensis
662 2103 726 2138 lat.
752 2104 802 2136 18
825 2112 853 2137 s.
880 2102 975 2138 XII.

314 2008 420 2077 ejl

5 2218 168 2263 :12
195 2217 240 2253 ad
272 2217 454 2253 damasum
487 2229 617 2263 papam
650 2216 748 2252 urbis
779 2227 900 2252 romae
933 2215 977 2251 dc
1010 2226 1051 2251 eo
1085 2214 1181 2260 quod
1212 2216 1248 2250 in
1275 2215 1465 2260 euangelio
1491 2215 1630 2261 legitur

98 2275 205 2315 homo
239 2277 385 2322 quidam
416 2276 546 2311 habuit
578 2275 667 2311 duos
698 2275 792 2310 filios
818 2276 846 2310 A
877 2275 922 2310 ad
954 2274 1139 2310 damasum
1173 2274 1216 2309 de
1241 2273 1317 2308 filio
1341 2273 1494 2320 prodigo
1523 2273 1627 2310 ΣΒΒ

22 2324 25 2325 ⁷
100 2335 146 2372 ad
178 2348 286 2382 supra
317 2336 454 2371 dictum
486 2346 618 2380 papam
650 2334 694 2370 de
726 2334 824 2380 frugi
854 2334 971 2379 (fruge
997 2334 1050 2378 X)
1077 2335 1114 2369 et
1137 2333 1329 2369 luxuriosis
1353 2332 1438 2369 filiis
1472 2333 1559 2369 WX
1580 2333 1627 2369 ad

19 2414 33 2438 3
101 2395 284 2430 damasum
305 2394 347 2429 de
367 2393 464 2439 frugi
484 2395 522 2428 et
537 2394 719 2429 luxurioso
733 2393 817 2429 filiis
834 2393 882 2440 Q;
894 2393 1114 2438 Hieronymi
1130 2402 1263 2428 nomen
1279 2391 1450 2428 exhibent
1467 2393 1567 2428 tituli
1584 2393 1627 2427 in

2 2445 34 2502 ’,ἶ
100 2453 268 2499 AZDQB
338 2453 361 2488 4
387 2452 592 2498 quaerendo
618 2452 734 2497 ΣΙ),Β
758 2453 885 2499 (eras.)
909 2451 1009 2487 -dam
1034 2452 1061 2486 Δ
1158 2451 1220 2487 uia
1236 2451 1276 2487 D
1343 2452 1365 2487 6
1391 2451 1582 2496 euangelia
1599 2452 1627 2486 Δ

25 2520 29 2521 ’
101 2513 161 2558 qui
187 2512 326 2548 duobus
350 2512 392 2547 im
415 2522 490 2548 ras.
515 2513 579 2547 m2
601 2512 638 2547 B
783 2511 847 2547 alt.
869 2511 942 2557 qui]
965 2510 1052 2557 quid
1076 2510 1128 2547 W
1243 2511 1263 2546 7
1291 2510 1367 2556 qui]
1396 2511 1475 2556 quis
1506 2510 1627 2556 WXQ

23 2579 25 2581 ’
99 2572 231 2617 iunior]
258 2572 375 2607 minor
391 2582 438 2616 g.
536 2573 557 2607 9
577 2571 740 2617 siliquas]
765 2571 808 2607 in
831 2581 907 2607 ras.
935 2573 998 2606 m2
1015 2571 1052 2606 B
1077 2571 1107 2606 si
1133 2570 1274 2616 aliquas
1301 2570 1459 2616 (siliquis
1478 2572 1554 2614 2122)
1579 2569 1631 2605 W

99 2631 208 2667 rediit
226 2631 264 2666 D
314 2631 358 2665 10
378 2630 519 2675 accepit
542 2629 699 2672 vizz'aae.
773 2642 831 2666 an.
858 2631 895 2665 et
915 2629 1018 2675 EDQ
1068 2630 1109 2666 11
1138 2629 1218 2675 quis
1242 2638 1266 2672 g
1339 2629 1567 2674 susceptione
1587 2628 1630 2662 X

26 2694 30 2696 “
103 2690 145 2726 13
171 2691 261 2735 scio]
289 2690 380 2726 scito
411 2689 511 2731 W‚X
532 2691 655 2734 (corr.)
753 2690 789 2724 in
815 2689 851 2726 h.
878 2689 961 2725 lect.
989 2689 1062 2724 diu.
1087 2700 1112 2734 ς
1203 2688 1248 2724 14
1274 2687 1464 2724 extimasse
1490 2688 1526 2722 B
1552 2686 1624 2722 exi-

27 2789 29 2791 ,
101 2750 266 2785 stimasse
289 2760 315 2794 ς
446 2750 547 2795 gent.
574 2748 746 2795 populum
778 2749 830 2785 W
948 2749 991 2785 16
1018 2759 1130 2784 annos
1154 2747 1306 2790 1),Σα.ο.
1445 2746 1577 2782 seruiui
1602 2757 1628 2790 g

26 2816 29 2819 ’
103 2809 144 2844 17
170 2809 340 2855 praeterii
362 2820 387 2853 g
439 2808 442 2811 ‘
