1884 3254
0 1084 84 1114 1ο

22 1441 85 1469 ’15

639 306 848 352 Epistula
873 305 986 341 LXVI
1012 305 1106 341 8-9
1546 308 1633 349 659

106 435 382 478 sententiolas
422 436 463 477 in
504 435 709 477 clausulis
747 435 890 476 struis.
929 435 1012 477 cito
1044 436 1219 490 turgens
1253 447 1404 489 spuma
1435 434 1636 477 dilabitur

106 510 147 548 et
185 506 380 560 quamuis
418 495 588 561 grandis
620 508 762 554 tumor
793 506 1026 548 contrarius
1060 506 1230 548 sanitati
1262 508 1341 549 est.
1381 506 1535 549 scitum
1570 508 1636 549 est

105 577 212 619 illud
250 577 439 620 Catonis:
487 578 570 618 sat
608 576 732 628 cito,
773 575 818 618 si
857 579 940 617 sat
978 576 1122 626 bene,
1162 576 1273 631 quod
1311 590 1385 619 nos
1426 577 1634 631 quondam

106 647 426 698 adulescentuli,
465 659 562 689 cum
596 659 619 688 a
649 646 858 701 praefecto
898 648 1058 689 oratore
1089 647 1131 688 in
1163 647 1496 701 praefatiuncula
1527 648 1636 690 dice-

67 731 86 759 5
106 720 235 769 retur,
267 717 454 760 risimus
486 717 730 760 meminisse
762 719 805 759 te
830 719 934 772 puto
961 717 1111 759 erroris
1138 719 1290 770 mutui,
1323 719 1487 773 quando
1514 731 1635 761 omne

23 817 30 820 -
104 788 367 831 Athenaeum
400 788 751 831 scholasticorum
784 788 962 831 uocibus
996 788 1273 832 consonabat:
1311 791 1394 831 sat
1426 789 1551 841 cito,
1591 790 1635 832 si

105 861 188 901 sat
225 858 371 903 bene.
415 859 628 910 felices,
673 859 811 913 inquit
847 859 1019 910 Fabius,
1065 862 1249 902 essent
1287 862 1447 912 artes,
1493 861 1538 903 si
1577 860 1636 903 de

102 930 227 972 illis
261 930 366 972 soli
393 930 646 973 artifices
672 930 996 973 iudicarent.
1029 932 1196 985 poetam
1222 943 1303 973 non
1330 933 1472 986 polest
1497 944 1634 984 nosse,

102 1000 185 1043 nisi
229 1000 302 1054 qui
343 1013 518 1044 uersum
561 1002 706 1054 potest
749 1003 929 1056 struere;
973 1001 1251 1056 philosophos
1294 1014 1376 1044 non
1411 1001 1635 1058 intellegit,

105 1071 188 1114 nisi
214 1071 284 1126 qui
310 1071 392 1114 scit
417 1071 664 1127 dogmatum
685 1071 931 1122 uarietatem
958 1085 1085 1114 manu
1104 1073 1216 1115 facta
1235 1074 1277 1115 et
1297 1073 1430 1115 oculis
1450 1073 1637 1127 patentia

33 1165 38 1172 ·
107 1142 246 1197 magis
277 1142 457 1198 probant
488 1142 683 1186 artifices.
714 1145 857 1185 nostra
889 1155 1012 1197 quam
1047 1142 1150 1185 dura
1181 1143 1238 1185 sit
1262 1144 1508 1194 necessitas,
1539 1144 1637 1186 hinc

108 1214 229 1267 potes
268 1213 614 1266 animaduertere,
654 1213 767 1268 quod
804 1213 927 1268 uulgi
964 1213 1162 1256 standum
1202 1216 1267 1256 est
1302 1213 1459 1256 iudicio
1492 1216 1536 1257 et
1564 1214 1637 1257 ille

107 1285 149 1326 in
181 1283 306 1326 turba
336 1284 603 1336 metuendus,
637 1297 762 1338 quem
788 1297 884 1326 cum
910 1285 1051 1327 80111111
1075 1284 1248 1336 uideris,
1281 1284 1501 1339 despicias
1534 1284 1637 1327 haec

37 1386 42 1390 .
108 1355 362 1410 praeteriens
388 1355 526 1409 tetigi,
558 1357 607 1396 ut
631 1354 807 1397 eruditis
834 1356 1056 1398 contentus
1082 1355 1253 1397 auribus
1278 1368 1359 1398 non
1385 1368 1637 1411 magnopere

111 1438 246 1477 cures,
291 1425 393 1479 quid
436 1425 711 1479 inperitorum
750 1425 801 1467 de
838 1425 1006 1479 ingenio
1047 1427 1119 1468 tuo
1156 1426 1393 1468 rumusculi
1430 1426 1636 1477 iactitent,

227 1576 261 1610 3.
287 1575 308 1610 6
335 1574 484 1611 Catonis
517 1574 616 1610 dicta
645 1575 839 1610 memorab.
865 1587 899 1612 n.
925 1575 971 1611 80
995 1571 1146 1611 Iordan'
1255 1577 1275 1611 7
1303 1575 1347 1611 cf.
1374 1574 1528 1618 Quintil.
1554 1575 1577 1611 i.
1605 1587 1637 1610 0.

107 1634 177 1669 XII
205 1634 259 1675 10,
286 1633 333 1670 50
359 1636 396 1669 et
419 1635 567 1680 Hieron.
593 1634 631 1669 in
657 1634 756 1670 Esai.
781 1634 866 1670 XVI
889 1635 1003 1680 praef.
1520 1648 1523 1649 ⁷

159 1718 175 1752 1
203 1718 321 1751 struat
346 1717 380 1751 Γ
399 1716 549 1752 instruis
574 1706 690 1752 DP‘B
715 1716 873 1752 instrues
898 1716 941 1751 K
1036 1717 1121 1763 cito]
1148 1716 1212 1752 sed
1238 1728 1353 1752 sermo
1379 1717 1456 1752 eius
1482 1716 1636 1763 pruden-

41 1811 43 1814 Α
108 1776 182 1810 tiae
209 1778 246 1811 et
271 1775 465 1821 grauitatis
491 1775 566 1811 sale
593 1775 760 1811 conditus
786 1776 845 1820 sit,
872 1776 944 1811 cito
970 1776 1065 1811 enim
1091 1777 1125 1811 Γ
1231 1775 1413 1811 delabitur
1438 1786 1481 1811 ex
1504 1775 1639 1811 lauitur

112 1835 145 1870 G
172 1835 354 1870 dalabitur
378 1835 417 1870 D
476 1833 498 1868 2
525 1836 581 1870 est
605 1835 754 1870 sanitati
779 1837 839 1879 (eae
864 1826 919 1870 sste
946 1837 1023 1879 m2)
1051 1835 1085 1870 Γ
1153 1835 1320 1870 sanitatis
1345 1835 1428 1871 Kssl'
1452 1834 1638 1870 sanctitati

29 1867 38 1895 Ζ
109 1897 169 1937 (ex
193 1896 261 1938 -te)
288 1893 322 1931 ΞΒ
402 1894 423 1928 3
448 1893 555 1939 illud]
582 1893 669 1929 add.
698 1905 840 1940 quoque
866 1894 988 1929 KDP
1075 1905 1136 1939 pr.
1164 1895 1234 1939 sat]
1262 1905 1321 1929 sac
1347 1894 1382 1928 A
1408 1893 1470 1928 sed
1502 1893 1535 1928 G
1608 1893 1638 1927 si

109 1954 179 1998 sat]
207 1953 257 1988 sis
283 1952 328 1988 ad
352 1953 392 1988 D
416 1954 464 1988 sis
492 1964 533 1988 ac
558 1953 594 1987 Β
720 1953 742 1988 4
769 1954 1005 1999 cum—orat]
1034 1953 1129 1999 quod
1156 1964 1177 1988 a
1202 1952 1361 1998 perfecto
1389 1955 1531 1987 oratore
1558 1963 1637 1987 cum

39 2040 46 2053 1,
107 2012 324 2055 Afflaacmae
441 2012 624 2058 praefecto
653 2012 786 2057 scripsi
816 2012 1036 2058 (praefectus
1063 2014 1185 2047 orator
1212 2012 1426 2057 mayistrum
1455 2010 1638 2046 rhetorum

106 2071 253 2107 scholae
258 2071 513 2116 praepositum
526 2071 725 2116 siqnificat)
740 2070 899 2117 perfecto
914 2070 1018 2107 codd.
1093 2070 1162 2106 dic.
1177 2070 1215 2105 in
1228 2070 1342 2116 praef.
1355 2070 1391 2104 Β
1441 2070 1462 2105 5
1477 2069 1636 2114 risimus]

27 2145 30 2148 ⁴
107 2141 136 2165 s.
163 2131 186 2165 l.
212 2141 279 2166 scr.
305 2132 369 2165 m2
394 2130 584 2166 didicimus
609 2130 643 2168 §B
772 2130 822 2175 te]
851 2132 887 2165 et
912 2130 951 2164 D
1076 2129 1224 2165 terroris
1249 2129 1288 2164 D
1409 2130 1574 2164 mutuum
1603 2128 1638 2162 A

110 2194 214 2225 omne
240 2189 290 2235 K,
315 2201 343 2225 8.
370 2190 394 2225 l.
420 2191 483 2224 m2
506 2189 543 2224 Ψ
567 2194 642 2224 oms
663 2189 701 2224 D
772 2189 794 2223 6
821 2189 1014 2224 atheneum
1044 2188 1125 2233 Gffi
1151 2189 1210 2232 (ex
1236 2187 1341 2232 adh-)
1367 2187 1539 2223 athenam
1558 2186 1639 2222 KP

109 2249 268 2284 atineum
293 2249 332 2284 D
357 2249 553 2284 acheneum
580 2249 615 2283 A
641 2248 812 2283 athenien
838 2250 881 2292 (3.
908 2249 931 2283 l.
960 2246 1047 2283 add.
1074 2249 1179 2291 sium)
1205 2247 1241 2281 Β
1313 2247 1424 2282 schol.
1450 2245 1527 2285 ΚΒ
1552 2245 1639 2281 8001.

110 2311 171 2343 cet.
281 2307 498 2353 personabat
522 2308 559 2342 B
668 2307 699 2342 si
725 2308 795 2352 sat]
824 2307 872 2342 sis
899 2307 943 2342 ad
969 2307 1008 2342 D
1032 2307 1081 2342 sis
1108 2317 1147 2341 ac
1173 2307 1208 2341 B
1306 2307 1325 2341 7
1353 2305 1469 2341 felicis
1493 2305 1533 2341 D
1558 2304 1638 2340 feli-

31 2378 36 2382 ’
110 2367 185 2402 cius
211 2366 295 2402 Kil‘
436 2370 557 2402 essent
589 2366 715 2411 inquid
746 2366 865 2401 fabius
897 2366 937 2401 D
968 2368 1090 2401 essent
1116 2366 1150 2400 Γ
1176 2365 1276 2408 (add.
1312 2366 1427 2400 omnis
1459 2364 1527 2400 del.
1562 2366 1637 2407 m2)

110 2425 131 2460 8
157 2426 225 2461 8011
248 2437 277 2462 s.
306 2426 327 2461 l.
354 2426 391 2460 B
416 2426 503 2460 solis
529 2425 690 2470 Κ,Ὶά.1·.
717 2425 803 2460 80118
830 2425 912 2470 (del.
942 2427 1016 2469 m2)
1043 2425 1111 2460 soli
1137 2426 1172 2460 Γ
1214 2425 1236 2460 9
1261 2426 1387 2470 potest
1411 2423 1571 2468 (nouerit
1586 2423 1638 2466 D)

108 2485 285 2520 instruere
310 2485 467 2520 KDPB
492 2487 576 2531 post
600 2485 734 2520 seruire
760 2485 795 2520 A
928 2485 1138 2530 philosopos
1167 2483 1200 2519 G
1225 2483 1424 2530 philosofos
1450 2483 1494 2518 K
1514 2482 1638 2528 phylo-

37 2556 39 2558 ·
109 2544 243 2590 sophus
271 2547 340 2590 (-os
366 2555 459 2580 corr.
484 2545 561 2590 m2)
587 2545 622 2579 A
719 2544 912 2588 intelleget
936 2543 975 2578 D
1062 2543 1105 2579 10
1131 2543 1214 2588 scit]
1242 2542 1386 2578 nouerit
1409 2542 1449 2577 D
1545 2541 1638 2576 ueri-

108 2603 198 2638 tatis
222 2603 262 2638 D
380 2615 508 2638 manus
533 2603 690 2640 Kamsl‘
806 2603 984 2648 patientia
1009 2603 1047 2637 D
1170 2602 1209 2636 11
1238 2601 1408 2648 probauit
1432 2600 1578 2635 artificis
1604 2600 1639 2634 A

36 2655 38 2660 ’
112 2662 154 2697 12
181 2666 285 2708 potes
310 2663 439 2708 981165
461 2665 583 2709 potest
610 2666 671 2698 cet.
771 2661 953 2707 standum]
980 2661 1136 2697 dandum
1164 2660 1334 2706 fflp.c.m2
1431 2662 1486 2695 est
1511 2670 1578 2694 om.
1604 2659 1639 2694 A

37 2759 40 2760 ⁷
111 2719 154 2756 13
171 2724 324 2757 turmam
347 2722 425 2767 (alt.
445 2733 479 2756 m
500 2723 611 2765 eras.)
631 2722 665 2760 ἦ
740 2732 819 2756 011111
841 2722 884 2766 8.]
907 2720 1091 2756 consulum
1112 2720 1151 2755 D
1225 2720 1321 2755 solus
1342 2730 1386 2755 ex
1404 2718 1518 2754 solum
1539 2718 1639 2756 m223

39 2804 42 2834 i
109 2779 184 2814 uid.
210 2780 276 2815 sol.
300 2792 325 2825 S
395 2781 464 2815 hoc
495 2781 532 2815 Ψ
593 2780 635 2815 14
660 2779 847 2814 heruditus
873 2779 911 2814 D
985 2781 1079 2814 cont.
1106 2789 1179 2814 aur.
1206 2789 1234 2814 ⁸.
1262 2778 1284 2814 l.
1311 2777 1355 2813 K
1412 2778 1456 2813 15
1482 2777 1574 2812 curis
1601 2776 1640 2812 D

39 2879 41 2881 ,
109 2841 208 2873 tures
233 2839 269 2873 A
382 2838 530 2884 inperiti
556 2838 599 2873 K
606 2838 642 2873 Ψ
744 2841 887 2873 tuorum
914 2837 1028 2872 osculi
1053 2839 1084 2880 (s
1110 2839 1205 2882 exp.)
1231 2837 1268 2871 A
1375 2835 1570 2872 rumusculi
1597 2846 1640 2871 ex

111 2897 225 2932 osculi
251 2896 284 2934 ΞΒ
311 2909 387 2933 rum
414 2899 495 2943 (seq.
523 2901 618 2942 spat.
644 2908 728 2932 uae.
758 2899 781 2931 6
808 2897 892 2940 litt.)
919 2896 958 2931 D

1521 2964 1591 3000 42*
