1884 3254
21 1044 58 1073 10

20 1399 56 1428 15

658 267 868 314 Epistula
893 267 947 302 111
971 241 1064 302 4-5
1564 270 1614 311 17

87 397 232 440 uiuere
257 397 481 440 hominem.
509 409 608 451 opes
635 397 809 439 forsitan
836 397 1097 452 gloriamque
1124 398 1340 451 proponet,
1362 396 1436 438 sed
1456 396 1641 438 dicetur

86 469 169 524 illi:
210 468 306 523 qui
345 468 575 522 cupiunt
613 467 820 510 diuites
859 467 998 518 fieri,
1037 467 1290 510 incidunt
1332 467 1381 509 in
1426 467 1616 509 musci-

87 539 263 593 pulam
309 540 361 582 et
403 538 815 592 temptationes,
850 541 910 580 et:
955 538 1086 580 mihi
1128 537 1392 593 gloriatio
1444 538 1616 581 omnis

85 609 134 650 in
169 608 388 651 Christo
421 611 516 650 est.
544 608 657 650 fessa
688 608 858 651 ieiuniis
891 608 1079 651 membra
1110 609 1254 651 morbo
1290 610 1489 663 grauante
1522 620 1614 650 con·

85 680 230 731 cutiet,
257 679 331 722 sed
356 679 538 734 apostoli
563 680 869 734 repercutietur
894 679 1080 733 eloquio:
1111 680 1315 733 quando
1348 678 1614 731 infirmor,

84 753 208 793 tuno
235 750 434 793 fortior
461 763 586 801 sum,
603 750 860 792 ettuirtus
880 750 931 792 in
953 750 1285 792 infirmitate
1306 750 1613 806 perficitur.

82 821 310 863 minabitur
347 823 541 871 mortem,
580 821 654 863 sed
697 820 859 863 audiet:
908 821 1065 875 cupio
1113 821 1354 864 dissolui
1400 822 1452 863 et
1495 833 1614 863 esse

83 905 193 934 cum
233 891 467 935 Christo.
500 892 634 947 ignita
670 891 809 934 iacula
846 892 1044 943 uibrabit,
1084 891 1156 934 sed
1196 892 1454 945 excipientur
1492 895 1612 934 scuto

81 963 190 1005 fidei.
224 965 278 1012 et,
311 975 361 1004 ne
394 964 542 1013 multa,
575 962 827 1018 inpugnabit
858 965 1039 1011 satanas,
1067 962 1142 1005 sed
1166 962 1378 1006 tutabitur
1404 961 1613 1005 Christus.

84 1033 239 1087 gratias
265 1032 359 1082 tibi,
379 1032 546 1075 domine
572 1033 685 1084 Iesu,
708 1032 820 1086 quod
845 1033 886 1074 in
915 1032 980 1075 die
1006 1035 1080 1075 tuo
1108 1032 1256 1083 habeo,
1281 1033 1351 1086 qui
1377 1045 1452 1087 pro
1479 1044 1545 1074 me
1571 1034 1613 1074 te

81 1103 219 1157 possit
241 1116 400 1158 rogare.
422 1102 506 1146 scis
531 1103 622 1158 ipse
643 1127 699 1133 -—
722 1103 799 1144 tibi
829 1102 939 1146 enim
966 1105 1114 1158 patent
1138 1105 1308 1157 pectora
1333 1102 1612 1158 singulorum,

82 1174 153 1228 qui
192 1173 329 1216 cordis
368 1186 518 1216 arcana.
554 1173 734 1225 rimaris,
775 1174 846 1227 qui
886 1175 1026 1217 tantae
1063 1174 1225 1216 bestiae
1264 1175 1360 1216 aluo
1399 1173 1613 1216 inclusum

0 1221 16 1242 ’ἣ
78 1244 326 1299 prophetam
352 1245 394 1287 in
420 1244 626 1298 profundo
647 1244 768 1287 uides
795 1269 867 1295 —,
893 1246 943 1287 ut
969 1257 1046 1300 ego
1074 1247 1116 1287 et
1139 1245 1214 1287 ille
1241 1258 1264 1287 a
1288 1246 1432 1287 tenera
1456 1244 1614 1298 pariter

77 1315 254 1357 infantia
299 1315 350 1357 ad
392 1315 611 1357 florentem
654 1328 790 1369 usque
829 1315 1140 1358 adoleuerimus
1179 1317 1374 1366 aetatem,
1414 1317 1462 1358 ut
1498 1314 1611 1357 idem

80 1398 155 1428 nos
180 1385 392 1429 nutricum
419 1386 553 1437 sinus,
573 1386 684 1428 idem
713 1386 931 1441 amplexus
957 1386 1142 1428 fouerint
1166 1386 1403 1428 baiulorum
1431 1387 1486 1436 et,
1514 1398 1611 1428 cum

81 1459 179 1511 post
203 1457 390 1500 Romana
422 1457 565 1499 studia
595 1457 647 1499 ad
677 1457 813 1499 Rheni
845 1457 1150 1501 semibarbaras
1182 1458 1294 1512 ripas
1327 1456 1474 1499 eodem
1501 1457 1614 1508 cibo,

84 1528 172 1583 pari
196 1527 431 1570 frueremur
455 1527 655 1582 hospitio,
676 1529 726 1570 ut
750 1540 828 1583 ego
849 1528 1011 1582 primus
1033 1527 1243 1582 coeperim
1269 1527 1380 1570 uelle
1399 1529 1442 1570 te
1462 1526 1610 1569 colere.

83 1601 308 1648 memento,
347 1611 518 1652 quaeso,
555 1599 688 1642 istum
731 1599 979 1641 bellatorem
1022 1601 1144 1641 tuum
1187 1611 1354 1642 mecum
1400 1597 1611 1652 quondam

84 1670 218 1712 fuisse
255 1669 446 1712 tironem.
489 1669 622 1712 habeo
660 1670 916 1723 promissum
954 1669 1191 1712 maiestatis
1234 1672 1350 1711 tuae:
1397 1668 1486 1723 qui
1531 1668 1611 1711 do-

202 1831 223 1865 2
251 1830 291 1865 *Ι
316 1829 407 1866 Tim.
434 1831 467 1875 6,
494 1831 515 1865 9
589 1831 610 1866 3
637 1830 681 1866 cf.
707 1831 808 1867 Rom.
837 1831 893 1876 15,
917 1831 971 1866 17.
993 1830 1072 1867 Gal.
1093 1831 1126 1876 6,
1149 1831 1193 1866 14
1260 1832 1281 1866 5
1303 1829 1364 1865 *Π
1383 1830 1463 1867 Cor.
1486 1831 1542 1876 12,
1563 1831 1613 1866 10-

83 1890 159 1924 611
180 1890 260 1926 Cor.
282 1890 336 1933 12,
363 1890 384 1925 9
459 1891 478 1925 7
507 1890 622 1927 *PhiL
651 1892 681 1935 1,
707 1891 753 1926 23
827 1891 848 1926 8
875 1891 920 1926 cf.
945 1891 1036 1937 Eph.
1063 1891 1096 1933 6,
1126 1890 1169 1926 16
1245 1890 1288 1925 12
1316 1890 1360 1926 cf.
1380 1890 1455 1926 Ion.
1483 1902 1558 1936 cap.
1585 1891 1606 1925 2

85 1949 127 1984 19
153 1949 307 1985 *Mattn
334 1950 366 1992 5,
393 1949 436 1985 19

130 2033 147 2066 1
174 2043 353 2078 propones
378 2033 414 2067 A
439 2035 597 2078 opponet
621 2033 658 2067 B
826 2032 956 2070 dieitur
981 2032 1094 2069 QIKA
1239 2033 1260 2068 2
1287 2033 1451 2078 cupiunt]
1477 2032 1606 2068 uolunt

3 2097 5 2102 ‘
82 2090 154 2127 9121
261 2091 298 2126 in
330 2102 441 2127 muse.
472 2092 540 2127 inc.
566 2091 610 2126 K
715 2092 917 2138 muscipula
941 2093 978 2127 A
1001 2092 1222 2138 muscipulas
1249 2091 1282 2137 ef
1307 2090 1324 2126 ⁴?
1351 2090 1386 2127 521
1482 2091 1503 2126 3
1530 2102 1605 2126 om-

80 2151 137 2185 nis
161 2161 227 2185 om.
258 2150 305 2186 Oc
472 2152 495 2185 4
522 2151 680 2186 membra
704 2151 763 2186 iei.
790 2151 894 2187 codd.
914 2155 1065 2197 praeter
1089 2150 1132 2185 K
1284 2150 1305 2185 5
1332 2149 1395 2185 sed
1421 2151 1459 2185 et
1483 2149 1605 2186 QIABa

79 2210 302 2256 percutietur
326 2208 399 2245 9121
472 2209 631 2255 quando]
661 2209 747 2245 add.
775 2211 868 2245 enim
895 2222 906 2246 ι
961 2211 982 2244 6
1008 2210 1153 2256 fortior]
1180 2211 1309 2256 potens
1335 2208 1407 2245 2121
1457 2210 1476 2244 7
1503 2209 1612 2244 audit.

81 2268 152 2304 QA
249 2268 412 2314 dissolui]
440 2268 526 2306 add.
555 2279 700 2314 corpore
729 2268 800 2305 2121
884 2270 906 2304 8
931 2269 1092 2304 uibrauit
1115 2269 1150 2303 A
1175 2268 1325 2304 librabit
1350 2268 1403 2315 cei
1499 2279 1605 2303 excu-

79 2328 191 2363 tietur
216 2326 286 2364 2121
350 2329 370 2363 9
396 2338 440 2363 ne
467 2337 535 2363 om.
561 2326 634 2363 2121
705 2328 835 2374 multa]
861 2327 947 2366 add.
974 2339 1164 2374 congeram
1183 2327 1244 2370 Βι,
1273 2327 1359 2363 add.
1384 2327 1555 2374 replicem
1579 2340 1607 2373 g

79 2387 297 2432 inpugnauit
323 2385 394 2422 2124
491 2398 571 2422 eum
593 2379 661 2433 {ps
686 2379 743 2423 i—hs
763 2386 835 2424 §2121
910 2387 953 2423 10
979 2388 1099 2434 gratia
1115 2399 1140 2433 g
1234 2387 1320 2433 tibi]
1348 2387 1435 2422 add.
1462 2398 1530 2433 ago
1555 2387 1602 2422 Oc

78 2437 134 2480 ilis
160 2447 281 2492 (cor-r.)
306 2446 350 2480 K
431 2445 543 2492 quod]
569 2447 631 2492 qui
656 2459 668 2482 ι
753 2449 818 2482 tua.
840 2458 865 2492 g
941 2446 1083 2482 habeb‘o
1110 2445 1182 2483 QIA
1267 2457 1330 2492 pro
1355 2457 1413 2481 me
1437 2457 1505 2482 om.
1531 2444 1603 2482 QIA

77 2516 172 2551 poss,
193 2508 229 2540 te
249 2516 323 2550 rog.
350 2505 380 2540 O
397 2516 474 2550 rog.
494 2507 532 2540 te
551 2516 646 2551 poss.
666 2505 710 2540 K
774 2506 819 2541 12
838 2506 920 2543 incl.
941 2506 1023 2541 aluo
1036 2506 1086 2541 Βι
1153 2506 1196 2542 13
1216 2517 1236 2541 a
1253 2508 1351 2541 terra
1368 2506 1447 2550 (sic)
1469 2506 1605 2551 pariter

76 2564 119 2598 K
142 2576 161 2599 a
187 2567 223 2599 te
249 2575 293 2600 ne
318 2565 436 2609 rapiar
460 2564 556 2600 inter
580 2563 652 2600 atA
675 2567 802 2600 tenera
828 2565 964 2611 pariter
989 2569 1052 2601 cet.
1077 2576 1152 2611 par.
1180 2575 1201 2600 a.
1224 2567 1298 2600 ten.
1318 2576 1342 2609 g
1417 2566 1461 2600 14
1483 2564 1601 2599 infan-

75 2626 150 2658 tiae
175 2623 217 2658 K
238 2623 427 2659 infantiam
455 2622 527 2659 9121
622 2624 745 2659 florem
769 2625 810 2659 K
895 2625 1027 2659 aetatis
1052 2624 1096 2659 K
1186 2624 1295 2659 iidem
1321 2635 1345 2668 g
1419 2623 1462 2659 15
1486 2624 1601 2658 nutri-

77 2683 170 2727 cum]
203 2682 289 2718 add.
320 2682 479 2717 fouerint
509 2681 555 2718 Oc
654 2682 763 2729 idem]
796 2695 865 2719 om.
892 2682 963 2719 2121
997 2687 1033 2718 et
1063 2683 1159 2718 idem
1190 2683 1237 2719 Oc
1264 2683 1372 2717 iidem
1398 2694 1422 2727 g
1500 2682 1599 2716 foue-

76 2741 147 2775 rint
172 2751 238 2776 om.
269 2741 315 2776 Oc
391 2741 434 2776 16
461 2741 505 2776 ad
530 2741 663 2787 Rheni]
689 2742 824 2778 adirem
852 2754 863 2777 ι
972 2742 1049 2777 reni
1068 2741 1230 2778 QIABOc
1256 2742 1352 2776 renis
1379 2744 1410 2783 (s
1436 2742 1543 2784 eras.)
1565 2740 1604 2775 K

75 2800 176 2834 hreni
196 2800 230 2845 ef
299 2799 472 2836 barbaras
492 2799 563 2836 2121
615 2801 657 2836 17
684 2801 799 2847 patris
819 2802 855 2836 B
928 2803 965 2836 te
986 2805 1072 2846 post
1097 2812 1164 2846 ego
1192 2805 1236 2836 tr.
1263 2799 1333 2836 2121
1391 2800 1434 2835 18
1459 2799 1554 2834 hunc
1578 2810 1604 2843 ς

76 2858 254 2904 quoddam
280 2858 352 2895 2121
410 2860 471 2905 ,19
496 2860 651 2894 tironem
676 2861 748 2906 Bef
772 2864 839 2906 tyr.
866 2865 929 2896 cet.

111 2941 188 2968 mv.
210 2940 337 2968 Hieron.
358 2940 458 2975 Epist.
480 2940 503 2967 1.
1530 2929 1550 2963 2
