1884 3254
290 235 376 279 236
830 230 983 266 Sancti
1008 229 1262 274 Hieronymi

292 362 413 412 uiri,
446 362 536 415 qui
569 361 817 414 abierant
848 357 1195 401 considerare
1226 358 1432 407 terram,
1465 358 1516 398 et
1555 355 1805 398 dixerunt

291 432 351 474 ad
382 432 583 474 fratres
622 442 767 473 suos:
802 441 924 471 ecce
962 428 1150 478 nostis,
1190 427 1313 480 quia
1351 429 1433 468 est
1468 427 1519 468 in
1557 425 1802 471 domibus
1830 445 1853 455 „

289 502 420 545 istis
453 501 623 556 ephod
656 503 708 542 et
737 498 1007 554 teraphim
1039 501 1090 541 et
1122 497 1388 550 sculptile
1420 499 1471 539 et
1497 495 1803 539 conflatile.

290 575 332 615 et
367 574 465 626 post
499 573 647 621 multa,
687 583 794 624 quae
830 570 872 611 in
910 569 1048 611 medio
1085 567 1425 622 praetermisisti:
1465 569 1516 609 et
1559 566 1804 610 ascende·

288 645 423 692 runt,
443 642 594 695 inquit,
616 641 850 695 quinque
875 639 985 682 uiri
1010 641 1061 687 et
1085 640 1373 681 inruerunt
1396 637 1531 679 illuc
1560 639 1612 680 et
1637 650 1803 691 sump·
1845 629 1884 676 5¹

289 714 474 755 serunt
512 712 778 765 sculptile
817 713 979 764 atque
1018 709 1312 752 conflatile
1350 711 1402 751 et
1439 708 1612 763 ephod
1649 710 1700 750 et
1735 710 1804 750 te·
1880 719 1884 785 2

288 783 505 837 raphim.
552 786 601 824 et
651 781 894 825 sexcenti
945 781 1067 831 uiri,
1111 780 1200 834 qui
1244 780 1413 822 cincti
1458 780 1610 821 erant
1651 778 1804 823 uasis
1882 787 1884 839 ξ

287 853 525 903 bellicis,
570 852 810 907 ingressi
854 854 979 894 sunt
1022 851 1229 893 domum
1270 850 1450 893 Micha
1486 852 1537 892 et
1574 861 1804 903 sumpse·
1875 854 1877 856 ’

287 926 410 966 runt
453 923 722 977 sculptile
769 924 927 976 atque
967 921 1255 964 conflatile
1295 924 1347 963 et
1383 920 1555 975 ephod
1586 922 1638 963 et
1673 922 1805 962 tera-

287 995 442 1050 phim.
475 994 717 1050 coarguitur
747 993 879 1048 igitur
909 1005 1052 1035 eorum
1086 992 1238 1046 opinio,
1271 992 1357 1045 qui,
1388 993 1438 1033 ut
1465 991 1803 1033 indissolubilem
1833 1001 1866 1030 ιο

286 1066 469 1108 facerent
501 1064 803 1118 quaestionem,
838 1063 974 1118 ephod
1005 1066 1249 1118 argenteum
1280 1064 1549 1117 putauerunt.
1578 1061 1687 1104 illud
1715 1062 1804 1104 bre-

286 1135 396 1177 uiter
432 1134 622 1185 adtende,
661 1133 773 1188 quod
810 1146 1041 1187 numquam
1079 1133 1160 1176 nisi
1195 1134 1238 1175 in
1277 1132 1513 1174 sacerdotio
1557 1132 1806 1175 nominetur.
1876 1186 1878 1191 ι

287 1218 379 1247 nam
425 1208 468 1247 et
506 1204 718 1256 Samuhel,
766 1205 837 1259 qui
880 1204 955 1257 illo
1001 1204 1163 1246 cinctus
1208 1203 1396 1254 refertur,
1441 1203 1595 1245 leuites
1638 1202 1722 1245 fuit
1763 1204 1806 1245 et
1875 1204 1879 1256 ξ

287 1276 524 1319 sacerdotes
562 1274 732 1317 Nonbat
767 1274 1105 1329 hoc-dignitatis
1151 1287 1251 1316 suae
1297 1270 1464 1329 insigne
1500 1273 1723 1328 portabant
1764 1275 1807 1315 et

285 1371 343 1377 -—
374 1347 486 1400 quod
521 1347 565 1388 in
597 1346 757 1387 Latinis
796 1345 1014 1388 codicibus
1046 1359 1126 1387 non
1159 1345 1337 1387 habetur
1368 1369 1438 1396 —,
1462 1344 1634 1398 ,quando
1665 1342 1805 1385 Dauid
1829 1331 1879 1400 1⁵}

286 1418 451 1473 fugiens
489 1430 512 1459 a
552 1416 653 1459 Saul
696 1417 813 1459 uenit
850 1417 902 1458 ad
938 1416 1210 1458 Achimelech
1256 1418 1299 1458 et
1341 1415 1528 1471 gladium
1570 1413 1807 1468 postulauit
1870 1404 1884 1498 ι

286 1489 450 1530 dicens:
482 1488 622 1538 uide,
657 1488 701 1528 si
734 1490 817 1528 est
849 1487 908 1528 ad
933 1500 1145 1528 manum
1178 1489 1322 1528 tuam
1359 1487 1547 1528 lancea
1578 1485 1805 1539 autrgla·
1869 1483 1884 1553 1

285 1558 422 1609 dius,
456 1558 705 1612 quoniam
738 1557 976 1612 gladium
1012 1560 1062 1599 et
1093 1570 1222 1599 uasa
1254 1569 1364 1599 mea
1395 1569 1492 1599 non
1520 1556 1729 1598 sustuli
1754 1555 1804 1598 in

286 1641 436 1669 manu
464 1635 584 1670 mea.
611 1627 1050 1682 respondensque
1083 1627 1336 1670 sacerdos
1369 1627 1524 1669 dixit:
1553 1639 1674 1669 ecce
1700 1627 1806 1681 gla·
1869 1642 1871 1644 ·

287 1699 408 1741 dius
429 1698 652 1741 Goliath
679 1699 1036 1754 alienigenae,
1059 1711 1208 1753 quem
1231 1698 1566 1753 percussisti
1585 1698 1636 1740 in
1656 1698 1803 1741 ualle

285 1769 602 1822 terebinthi,
631 1769 791 1811 ethic
822 1769 1111 1811 inuolutus
1139 1769 1295 1811 estin
1322 1769 1656 1812 uestimento
1681 1773 1807 1823 post

403 1908 425 1941 4
451 1907 576 1942 *Iuda
604 1908 658 1952 18,
687 1907 826 1943 17—18
901 1907 944 1942 13
971 1907 1015 1942 cf.
1041 1907 1059 1942 1
1084 1907 1172 1952 Reg.
1199 1908 1234 1951 2,
1261 1906 1304 1942 18
1380 1907 1424 1943 14
1449 1906 1493 1944 ef.
1518 1907 1538 1942 1
1561 1907 1652 1953 Reg.
1677 1906 1735 1952 22,
1762 1907 1805 1942 18

289 1967 330 2001 17
358 1966 397 2001 *1
421 1967 511 2012 Reg.
536 1967 594 2010 21,
620 1967 713 2001 s-9

335 2049 350 2083 1
381 2048 547 2084 abierunt
572 2050 607 2084 A
668 2050 689 2084 2
717 2050 800 2094 quia
825 2053 882 2084 est
906 2050 942 2083 B
968 2048 1114 2094 quidem
1138 2054 1201 2085 cet.
1263 2050 1285 2084 3
1309 2053 1388 2086 tert.
1409 2051 1460 2095 et]
1488 2052 1598 2094 atque
1621 2061 1647 2094 ς
1707 2050 1728 2084 5
1753 2049 1804 2084 111.

284 2108 350 2142 inr.
374 2119 399 2152 ς
469 2108 544 2143 illic
569 2109 739 2144 Aa.c.m2
793 2109 815 2142 6
841 2111 950 2153 atque
974 2109 1010 2142 Β
1037 2110 1074 2143 et
1098 2112 1160 2144 cet.
1251 2120 1312 2153 pr.
1339 2111 1375 2144 et
1399 2120 1467 2144 om.
1496 2109 1571 2144 HD
1619 2109 1639 2143 7
1666 2110 1704 2144 et
1728 2119 1805 2145 sex-

286 2167 609 2212 centi-teraphim
623 2178 689 2202 om,
707 2167 746 2201 ΙΙ
788 2167 809 2201 8
829 2167 927 2212 belh]
949 2173 985 2201 et
1000 2167 1085 2202 add.
1101 2167 1176 2202 AD
1248 2169 1333 2203 sunt
1351 2178 1378 2203 8.
1400 2168 1423 2203 l.
1442 2168 1553 2202 m2B
1625 2167 1766 2205 michae
1781 2178 1807 2212 ς

284 2225 307 2259 9
334 2227 441 2270 atque
466 2225 502 2260 Β
527 2228 563 2260 et
589 2230 649 2260 cet.
724 2237 783 2270 pr.
810 2229 847 2261 et
871 2226 918 2270 B,
944 2237 1011 2262 om.
1037 2230 1098 2261 cet.
1183 2226 1376 2272 teraphim]
1402 2227 1438 2261 Β
1463 2227 1570 2262 add„-
1595 2229 1632 2262 et
1655 2237 1701 2262 ne
1724 2228 1804 2262 lon-

286 2294 370 2328 gum
396 2284 443 2318 sit
468 2284 611 2319 infinita
635 2285 841 2330 replicando
867 2296 1006 2320 rursum
1033 2285 1166 2330 legitur
1191 2285 1358 2331 sculptile
1390 2287 1499 2330 atque
1525 2285 1708 2321 conflatile
1733 2295 1804 2320 non

285 2341 381 2377 idem
407 2353 485 2376 esse
512 2343 607 2387 quod
633 2345 743 2388 ephot
770 2346 806 2377 et
832 2343 1009 2388 teraphim
1082 2344 1127 2379 10
1147 2344 1310 2389 coarguit
1327 2355 1351 2389 g
1445 2344 1558 2388 igitur
1581 2344 1629 2387 B,
1654 2354 1722 2381 om.
1741 2346 1805 2381 cal·

286 2400 454 2445 opinione
479 2403 537 2444 (ne
563 2401 655 2446 exp.)
682 2401 716 2435 B
742 2402 946 2446 opinionem
971 2413 995 2446 g
1091 2403 1212 2439 dissol.
1241 2403 1316 2438 HD
1341 2403 1442 2438 disol.
1462 2403 1498 2436 A
1573 2403 1612 2438 11
1641 2403 1805 2439 fecerunt

285 2458 455 2494 Aa.c.m2
550 2471 694 2504 argeum
719 2460 941 2504 D,Aa.c.m2
987 2449 993 2455 ⁶
1054 2461 1288 2496 illud—nom.
1313 2463 1355 2496 in
1378 2473 1446 2507 my.
1470 2462 1539 2507 inf.
1563 2462 1600 2496 Il
1665 2462 1708 2498 12
1732 2462 1804 2497 nisi

285 2527 314 2552 8.
342 2517 364 2552 l.
383 2518 419 2552 B
494 2518 537 2553 13
563 2519 699 2553 samuel
723 2519 791 2553 ΠΒ
867 2520 909 2554 14
935 2519 1099 2555 sacerdos
1119 2520 1211 2564 Ap.c
1223 2522 1287 2555 m2
1380 2520 1519 2556 nonbat
1539 2521 1578 2555 II
1598 2520 1710 2555 nobat
1728 2520 1804 2556 AD

285 2575 380 2612 nobe
405 2577 464 2622 (be
489 2578 530 2611 in
553 2588 629 2612 ras.
656 2579 680 2611 3
707 2578 775 2614 litt.
802 2579 876 2621 m2)
902 2578 938 2612 Β
1073 2579 1115 2614 15
1142 2579 1244 2614 dauit
1269 2579 1438 2614 Ameana
1559 2579 1601 2614 16
1627 2591 1648 2614 a
1673 2590 1739 2614 om.
1766 2579 1802 2614 Β

286 2634 332 2670 ad
356 2646 423 2671 om.
449 2635 485 2670 A
581 2635 800 2670 achimelech
827 2636 1045 2682 H‚Bp.c.m2
1069 2637 1175 2674 abim.
1203 2642 1264 2672 cet.
1335 2639 1375 2672 17
1402 2639 1476 2683 aut]
1504 2640 1541 2672 et
1563 2649 1587 2683 g
1655 2638 1698 2674 18
1723 2638 1800 2683 gla-

286 2693 366 2729 dius
390 2693 497 2729 Da.c.
523 2693 682 2738 gladium
711 2705 825 2728 meum
850 2705 875 2738 g
972 2699 1052 2730 asta
1076 2701 1156 2731 mea
1180 2697 1215 2732 B
1290 2697 1334 2732 19
1358 2696 1615 2742 responditque
1633 2697 1670 2731 Β
1765 2702 1802 2731 et
1847 2723 1849 2726 Α

287 2753 377 2788 dixit
401 2752 437 2787 B
579 2752 625 2789 20
650 2752 773 2798 goliad
798 2753 873 2787 AI)
1017 2754 1060 2789 21
1087 2755 1258 2790 terebinti
1283 2755 1356 2790 AB
1380 2755 1576 2791 therobinti
1603 2755 1639 2799 (h
1664 2757 1739 2798 1112)
1766 2754 1806 2790 ΙΙ

286 2813 324 2846 et
346 2822 374 2846 s.
401 2812 424 2846 l.
451 2812 487 2846 Β
581 2812 615 2846 111
643 2822 710 2847 om.
736 2811 811 2846 AD
