<?xml version="1.0" encoding="UTF-8"?>
<!DOCTYPE html PUBLIC "-//W3C//DTD XHTML 1.0 Transitional//EN"
    "http://www.w3.org/TR/xhtml1/DTD/xhtml1-transitional.dtd">
<html xmlns="http://www.w3.org/1999/xhtml" xml:lang="en" lang="en">
 <head>
  <title>
</title>
<meta http-equiv="Content-Type" content="text/html;charset=utf-8" />
  <meta name='ocr-system' content='tesseract 3.04.00' />
  <meta name='ocr-capabilities' content='ocr_page ocr_carea ocr_par ocr_line ocrx_word'/>
</head>
<body>
  <div class='ocr_page' id='page_1' title='image "./corpusscriptorum54stuoft_0639.png"; bbox 0 0 1884 3254; ppageno 0'>
   <div class='ocr_carea' id='block_1_1' title="bbox 679 271 1672 319">
    <p class='ocr_par' dir='ltr' id='par_1_1' title="bbox 679 271 1672 319">
     <span class='ocr_line' id='line_1_1' title="bbox 679 271 1672 319; baseline 0.001 -13"><span class='ocrx_word' id='word_1_1' title='bbox 679 271 887 318; x_wconf 83' lang='lat' dir='ltr'><strong>Epistula</strong></span> <span class='ocrx_word' id='word_1_2' title='bbox 911 271 1007 307; x_wconf 89' lang='lat' dir='ltr'><strong>LXV</strong></span> <span class='ocrx_word' id='word_1_3' title='bbox 1032 272 1126 308; x_wconf 83' lang='lat'><strong>7-9</strong></span> <span class='ocrx_word' id='word_1_4' title='bbox 1227 277 1232 281; x_wconf 84' lang='grc'><strong>“</strong></span> <span class='ocrx_word' id='word_1_5' title='bbox 1586 277 1672 319; x_wconf 79' lang='lat'><strong>625</strong></span> 
     </span>
    </p>
   </div>
   <div class='ocr_carea' id='block_1_2' title="bbox 139 399 1743 2309">
    <p class='ocr_par' dir='ltr' id='par_1_2' title="bbox 139 399 1732 1655">
     <span class='ocr_line' id='line_1_2' title="bbox 141 399 1672 455; baseline 0.003 -13"><span class='ocrx_word' id='word_1_6' title='bbox 141 399 433 450; x_wconf 80' lang='lat' dir='ltr'><strong>hominum3</strong></span> <span class='ocrx_word' id='word_1_7' title='bbox 473 399 624 443; x_wconf 90' lang='lat' dir='ltr'><strong>homo</strong></span> <span class='ocrx_word' id='word_1_8' title='bbox 670 400 720 443; x_wconf 90' lang='lat' dir='ltr'><strong>in</strong></span> <span class='ocrx_word' id='word_1_9' title='bbox 764 400 926 455; x_wconf 84' lang='lat' dir='ltr'>plaga</span> <span class='ocrx_word' id='word_1_10' title='bbox 967 401 1184 455; x_wconf 90' lang='lat' dir='ltr'><strong>positus</strong></span> <span class='ocrx_word' id='word_1_11' title='bbox 1223 403 1274 443; x_wconf 88' lang='lat' dir='ltr'><strong>et</strong></span> <span class='ocrx_word' id='word_1_12' title='bbox 1311 402 1492 445; x_wconf 88' lang='lat' dir='ltr'><strong>sciens</strong></span> <span class='ocrx_word' id='word_1_13' title='bbox 1531 403 1672 446; x_wconf 88' lang='lat' dir='ltr'><strong>ferre</strong></span> 
     </span>
     <span class='ocr_line' id='line_1_3' title="bbox 142 470 1732 525; baseline 0.003 -13"><span class='ocrx_word' id='word_1_14' title='bbox 142 470 544 522; x_wconf 76' lang='lat' dir='ltr'><strong>infirmitatem,</strong></span> <span class='ocrx_word' id='word_1_15' title='bbox 583 471 709 525; x_wconf 87' lang='lat' dir='ltr'><strong>quia</strong></span> <span class='ocrx_word' id='word_1_16' title='bbox 747 471 953 513; x_wconf 89' lang='lat' dir='ltr'><strong>auertit</strong></span> <span class='ocrx_word' id='word_1_17' title='bbox 990 471 1185 514; x_wconf 85' lang='lat' dir='ltr'><strong>faciem</strong></span> <span class='ocrx_word' id='word_1_18' title='bbox 1218 485 1378 515; x_wconf 90' lang='lat' dir='ltr'><strong>suam.</strong></span> <span class='ocrx_word' id='word_1_19' title='bbox 1417 486 1494 516; x_wconf 91' lang='lat' dir='ltr'><strong>nec</strong></span> <span class='ocrx_word' id='word_1_20' title='bbox 1525 475 1670 517; x_wconf 87' lang='lat' dir='ltr'><strong>statim</strong></span> <span class='ocrx_word' id='word_1_21' title='bbox 1710 478 1732 512; x_wconf 83' lang='lat'>2</span> 
     </span>
     <span class='ocr_line' id='line_1_4' title="bbox 143 541 1672 599; baseline 0.003 -16"><span class='ocrx_word' id='word_1_22' title='bbox 143 542 352 595; x_wconf 85' lang='lat' dir='ltr'><strong>scriptura</strong></span> <span class='ocrx_word' id='word_1_23' title='bbox 407 541 622 584; x_wconf 83' lang='lat' dir='ltr'>dissonare</span> <span class='ocrx_word' id='word_1_24' title='bbox 671 541 879 594; x_wconf 89' lang='lat' dir='ltr'><strong>uideatur,</strong></span> <span class='ocrx_word' id='word_1_25' title='bbox 935 543 1034 596; x_wconf 90' lang='lat' dir='ltr'><strong>quia</strong></span> <span class='ocrx_word' id='word_1_26' title='bbox 1081 543 1142 585; x_wconf 91' lang='lat' dir='ltr'><strong>ibi</strong></span> <span class='ocrx_word' id='word_1_27' title='bbox 1189 543 1436 598; x_wconf 81' lang='lat' dir='ltr'>ignobilitas</span> <span class='ocrx_word' id='word_1_28' title='bbox 1486 545 1672 599; x_wconf 87' lang='lat' dir='ltr'><strong>corporis</strong></span> 
     </span>
     <span class='ocr_line' id='line_1_5' title="bbox 142 611 1674 671; baseline 0.003 -18"><span class='ocrx_word' id='word_1_29' title='bbox 142 614 312 666; x_wconf 89' lang='lat' dir='ltr'><strong>propter</strong></span> <span class='ocrx_word' id='word_1_30' title='bbox 347 611 515 667; x_wconf 85' lang='lat' dir='ltr'><strong>flagella</strong></span> <span class='ocrx_word' id='word_1_31' title='bbox 551 614 593 654; x_wconf 90' lang='lat' dir='ltr'><strong>et</strong></span> <span class='ocrx_word' id='word_1_32' title='bbox 630 613 757 664; x_wconf 88' lang='lat' dir='ltr'><strong>sputa</strong></span> <span class='ocrx_word' id='word_1_33' title='bbox 789 613 832 654; x_wconf 88' lang='lat' dir='ltr'><strong>et</strong></span> <span class='ocrx_word' id='word_1_34' title='bbox 862 612 1004 667; x_wconf 86' lang='lat' dir='ltr'><strong>alapas</strong></span> <span class='ocrx_word' id='word_1_35' title='bbox 1038 615 1080 655; x_wconf 89' lang='lat' dir='ltr'><strong>et</strong></span> <span class='ocrx_word' id='word_1_36' title='bbox 1112 613 1256 656; x_wconf 86' lang='lat' dir='ltr'><strong>clauos</strong></span> <span class='ocrx_word' id='word_1_37' title='bbox 1290 616 1332 656; x_wconf 91' lang='lat' dir='ltr'><strong>et</strong></span> <span class='ocrx_word' id='word_1_38' title='bbox 1362 614 1535 658; x_wconf 88' lang='lat' dir='ltr'><strong>iniurias</strong></span> <span class='ocrx_word' id='word_1_39' title='bbox 1567 616 1674 671; x_wconf 86' lang='lat' dir='ltr'><strong>pati-</strong></span> 
     </span>
     <span class='ocr_line' id='line_1_6' title="bbox 144 682 1675 736; baseline 0.003 -12"><span class='ocrx_word' id='word_1_40' title='bbox 144 683 234 724; x_wconf 90' lang='lat' dir='ltr'>buli</span> <span class='ocrx_word' id='word_1_41' title='bbox 283 685 648 731; x_wconf 80' lang='lat' dir='ltr'><strong>commemoratur,</strong></span> <span class='ocrx_word' id='word_1_42' title='bbox 698 682 766 724; x_wconf 90' lang='lat' dir='ltr'><strong>hic</strong></span> <span class='ocrx_word' id='word_1_43' title='bbox 810 682 1081 736; x_wconf 83' lang='lat' dir='ltr'>pulchritudo</span> <span class='ocrx_word' id='word_1_44' title='bbox 1127 685 1336 727; x_wconf 85' lang='lat' dir='ltr'><strong>uirtutum</strong></span> <span class='ocrx_word' id='word_1_45' title='bbox 1380 685 1422 728; x_wconf 93' lang='lat' dir='ltr'><strong>in</strong></span> <span class='ocrx_word' id='word_1_46' title='bbox 1467 698 1585 729; x_wconf 89' lang='lat' dir='ltr'><strong>sacro</strong></span> <span class='ocrx_word' id='word_1_47' title='bbox 1630 689 1675 729; x_wconf 88' lang='lat' dir='ltr'><strong>et</strong></span> 
     </span>
     <span class='ocr_line' id='line_1_7' title="bbox 140 753 1673 811; baseline 0.003 -15"><span class='ocrx_word' id='word_1_48' title='bbox 140 753 378 796; x_wconf 85' lang='lat' dir='ltr'><strong>uenerando</strong></span> <span class='ocrx_word' id='word_1_49' title='bbox 404 765 589 806; x_wconf 89' lang='lat' dir='ltr'><strong>corpore.</strong></span> <span class='ocrx_word' id='word_1_50' title='bbox 617 765 697 795; x_wconf 93' lang='lat' dir='ltr'><strong>non</strong></span> <span class='ocrx_word' id='word_1_51' title='bbox 724 765 806 807; x_wconf 90' lang='lat' dir='ltr'><strong>quo</strong></span> <span class='ocrx_word' id='word_1_52' title='bbox 834 753 1035 796; x_wconf 88' lang='lat' dir='ltr'><strong>diuinitas</strong></span> <span class='ocrx_word' id='word_1_53' title='bbox 1063 753 1220 797; x_wconf 84' lang='lat' dir='ltr'>Christi</span> <span class='ocrx_word' id='word_1_54' title='bbox 1244 755 1487 799; x_wconf 89' lang='lat' dir='ltr'><strong>hominibus</strong></span> <span class='ocrx_word' id='word_1_55' title='bbox 1521 769 1673 811; x_wconf 89' lang='lat' dir='ltr'><strong>conpa-</strong></span> 
     </span>
     <span class='ocr_line' id='line_1_8' title="bbox 139 824 1672 880; baseline 0.003 -14"><span class='ocrx_word' id='word_1_56' title='bbox 139 826 231 866; x_wconf 86' lang='lat' dir='ltr'><strong>rata</strong></span> <span class='ocrx_word' id='word_1_57' title='bbox 249 824 472 867; x_wconf 84' lang='lat' dir='ltr'><strong>formosior</strong></span> <span class='ocrx_word' id='word_1_58' title='bbox 490 824 547 866; x_wconf 88' lang='lat' dir='ltr'><strong>sit</strong></span> <span class='ocrx_word' id='word_1_59' title='bbox 567 849 623 854; x_wconf 87' lang='lat'><strong>-—</strong></span> <span class='ocrx_word' id='word_1_60' title='bbox 644 824 745 866; x_wconf 89' lang='lat' dir='ltr'><strong>haec</strong></span> <span class='ocrx_word' id='word_1_61' title='bbox 767 825 878 867; x_wconf 85' lang='lat' dir='ltr'><strong>enim</strong></span> <span class='ocrx_word' id='word_1_62' title='bbox 898 837 979 867; x_wconf 91' lang='lat' dir='ltr'><strong>non</strong></span> <span class='ocrx_word' id='word_1_63' title='bbox 1001 825 1128 867; x_wconf 87' lang='lat' dir='ltr'><strong>habet</strong></span> <span class='ocrx_word' id='word_1_64' title='bbox 1148 827 1487 880; x_wconf 78' lang='lat' dir='ltr'><strong>conparationem</strong></span> <span class='ocrx_word' id='word_1_65' title='bbox 1508 853 1577 880; x_wconf 81' lang='lat'><strong>-,</strong></span> <span class='ocrx_word' id='word_1_66' title='bbox 1598 827 1672 870; x_wconf 89' lang='lat' dir='ltr'><strong>sed</strong></span> 
     </span>
     <span class='ocr_line' id='line_1_9' title="bbox 141 894 1672 953; baseline 0.001 -15"><span class='ocrx_word' id='word_1_67' title='bbox 141 896 300 949; x_wconf 85' lang='lat' dir='ltr'><strong>absque</strong></span> <span class='ocrx_word' id='word_1_68' title='bbox 342 894 610 949; x_wconf 84' lang='lat' dir='ltr'><strong>passionibus</strong></span> <span class='ocrx_word' id='word_1_69' title='bbox 655 894 791 937; x_wconf 87' lang='lat' dir='ltr'><strong>crucis</strong></span> <span class='ocrx_word' id='word_1_70' title='bbox 836 895 1046 938; x_wconf 88' lang='lat' dir='ltr'><strong>uniuersis</strong></span> <span class='ocrx_word' id='word_1_71' title='bbox 1084 896 1298 949; x_wconf 84' lang='lat' dir='ltr'><strong>pulchrior</strong></span> <span class='ocrx_word' id='word_1_72' title='bbox 1336 899 1417 939; x_wconf 81' lang='lat' dir='ltr'><strong>est:</strong></span> <span class='ocrx_word' id='word_1_73' title='bbox 1461 898 1580 953; x_wconf 85' lang='lat' dir='ltr'><strong>uirgo</strong></span> <span class='ocrx_word' id='word_1_74' title='bbox 1621 899 1672 941; x_wconf 92' lang='lat' dir='ltr'><strong>de</strong></span> 
     </span>
     <span class='ocr_line' id='line_1_10' title="bbox 142 965 1669 1022; baseline 0.002 -14"><span class='ocrx_word' id='word_1_75' title='bbox 142 966 320 1022; x_wconf 88' lang='lat' dir='ltr'><strong>uirgine,</strong></span> <span class='ocrx_word' id='word_1_76' title='bbox 365 966 438 1020; x_wconf 91' lang='lat' dir='ltr'><strong>qui</strong></span> <span class='ocrx_word' id='word_1_77' title='bbox 479 978 561 1008; x_wconf 91' lang='lat' dir='ltr'><strong>non</strong></span> <span class='ocrx_word' id='word_1_78' title='bbox 606 978 654 1008; x_wconf 82' lang='lat' dir='ltr'><strong>ex</strong></span> <span class='ocrx_word' id='word_1_79' title='bbox 697 965 916 1008; x_wconf 88' lang='lat' dir='ltr'><strong>uoluntate</strong></span> <span class='ocrx_word' id='word_1_80' title='bbox 960 966 1056 1017; x_wconf 90' lang='lat' dir='ltr'><strong>uiri,</strong></span> <span class='ocrx_word' id='word_1_81' title='bbox 1099 966 1171 1009; x_wconf 89' lang='lat' dir='ltr'><strong>sed</strong></span> <span class='ocrx_word' id='word_1_82' title='bbox 1211 980 1259 1009; x_wconf 86' lang='lat' dir='ltr'><strong>ex</strong></span> <span class='ocrx_word' id='word_1_83' title='bbox 1298 968 1374 1010; x_wconf 89' lang='lat' dir='ltr'><strong>deo</strong></span> <span class='ocrx_word' id='word_1_84' title='bbox 1420 970 1544 1010; x_wconf 88' lang='lat' dir='ltr'><strong>natus</strong></span> <span class='ocrx_word' id='word_1_85' title='bbox 1591 972 1669 1011; x_wconf 87' lang='lat' dir='ltr'><strong>est.</strong></span> 
     </span>
     <span class='ocr_line' id='line_1_11' title="bbox 144 1036 1731 1091; baseline -0.001 -11"><span class='ocrx_word' id='word_1_86' title='bbox 144 1037 225 1080; x_wconf 91' lang='lat' dir='ltr'><strong>nisi</strong></span> <span class='ocrx_word' id='word_1_87' title='bbox 261 1037 372 1079; x_wconf 90' lang='lat' dir='ltr'><strong>enim</strong></span> <span class='ocrx_word' id='word_1_88' title='bbox 410 1037 630 1079; x_wconf 85' lang='lat' dir='ltr'><strong>habuisset</strong></span> <span class='ocrx_word' id='word_1_89' title='bbox 661 1038 704 1078; x_wconf 92' lang='lat' dir='ltr'><strong>et</strong></span> <span class='ocrx_word' id='word_1_90' title='bbox 733 1036 775 1078; x_wconf 93' lang='lat' dir='ltr'><strong>in</strong></span> <span class='ocrx_word' id='word_1_91' title='bbox 807 1037 932 1078; x_wconf 91' lang='lat' dir='ltr'><strong>uultu</strong></span> <span class='ocrx_word' id='word_1_92' title='bbox 965 1036 1164 1090; x_wconf 83' lang='lat' dir='ltr'><strong>quiddam</strong></span> <span class='ocrx_word' id='word_1_93' title='bbox 1198 1037 1416 1091; x_wconf 85' lang='lat' dir='ltr'><strong>oculisque</strong></span> <span class='ocrx_word' id='word_1_94' title='bbox 1448 1038 1672 1091; x_wconf 88' lang='lat' dir='ltr'><strong>sidereum,</strong></span> <span class='ocrx_word' id='word_1_95' title='bbox 1710 1045 1731 1078; x_wconf 86' lang='lat'><strong>3</strong></span> 
     </span>
     <span class='ocr_line' id='line_1_12' title="bbox 141 1107 1673 1164; baseline 0.001 -14"><span class='ocrx_word' id='word_1_96' title='bbox 141 1121 372 1163; x_wconf 88' lang='lat' dir='ltr'><strong>numquam</strong></span> <span class='ocrx_word' id='word_1_97' title='bbox 416 1121 511 1150; x_wconf 88' lang='lat' dir='ltr'><strong>eum</strong></span> <span class='ocrx_word' id='word_1_98' title='bbox 556 1107 703 1150; x_wconf 88' lang='lat' dir='ltr'><strong>statim</strong></span> <span class='ocrx_word' id='word_1_99' title='bbox 747 1107 884 1150; x_wconf 90' lang='lat' dir='ltr'><strong>secuti</strong></span> <span class='ocrx_word' id='word_1_100' title='bbox 926 1108 1112 1150; x_wconf 87' lang='lat' dir='ltr'><strong>fuissent</strong></span> <span class='ocrx_word' id='word_1_101' title='bbox 1155 1109 1337 1163; x_wconf 88' lang='lat' dir='ltr'><strong>apostoli</strong></span> <span class='ocrx_word' id='word_1_102' title='bbox 1374 1122 1464 1159; x_wconf 90' lang='lat' dir='ltr'><strong>nec,</strong></span> <span class='ocrx_word' id='word_1_103' title='bbox 1511 1111 1583 1164; x_wconf 90' lang='lat' dir='ltr'><strong>qui</strong></span> <span class='ocrx_word' id='word_1_104' title='bbox 1620 1111 1673 1153; x_wconf 91' lang='lat' dir='ltr'><strong>ad</strong></span> 
     </span>
     <span class='ocr_line' id='line_1_13' title="bbox 141 1179 1673 1234; baseline 0.001 -12"><span class='ocrx_word' id='word_1_105' title='bbox 141 1179 561 1233; x_wconf 87' lang='lat' dir='ltr'><strong>conprehendendum</strong></span> <span class='ocrx_word' id='word_1_106' title='bbox 586 1180 799 1229; x_wconf 87' lang='lat' dir='ltr'><strong>uenerant,</strong></span> <span class='ocrx_word' id='word_1_107' title='bbox 827 1179 1098 1221; x_wconf 84' lang='lat' dir='ltr'><strong>corruissent.</strong></span> <span class='ocrx_word' id='word_1_108' title='bbox 1125 1179 1302 1234; x_wconf 89' lang='lat' dir='ltr'><strong>denique</strong></span> <span class='ocrx_word' id='word_1_109' title='bbox 1329 1182 1371 1222; x_wconf 91' lang='lat' dir='ltr'><strong>et</strong></span> <span class='ocrx_word' id='word_1_110' title='bbox 1394 1180 1435 1222; x_wconf 91' lang='lat' dir='ltr'><strong>in</strong></span> <span class='ocrx_word' id='word_1_111' title='bbox 1462 1182 1673 1234; x_wconf 86' lang='lat' dir='ltr'><strong>praesenti</strong></span> 
     </span>
     <span class='ocr_line' id='line_1_14' title="bbox 142 1250 1672 1305; baseline 0.001 -13"><span class='ocrx_word' id='word_1_112' title='bbox 142 1250 402 1301; x_wconf 87' lang='lat' dir='ltr'><strong>testimonio,</strong></span> <span class='ocrx_word' id='word_1_113' title='bbox 428 1250 470 1292; x_wconf 92' lang='lat' dir='ltr'><strong>in</strong></span> <span class='ocrx_word' id='word_1_114' title='bbox 498 1262 580 1303; x_wconf 89' lang='lat' dir='ltr'><strong>quo</strong></span> <span class='ocrx_word' id='word_1_115' title='bbox 607 1250 685 1292; x_wconf 84' lang='lat' dir='ltr'><strong>ait:</strong></span> <span class='ocrx_word' id='word_1_116' title='bbox 717 1250 868 1292; x_wconf 92' lang='lat' dir='ltr'><strong>homo</strong></span> <span class='ocrx_word' id='word_1_117' title='bbox 901 1250 951 1291; x_wconf 93' lang='lat' dir='ltr'><strong>in</strong></span> <span class='ocrx_word' id='word_1_118' title='bbox 984 1250 1141 1305; x_wconf 85' lang='lat' dir='ltr'><strong>plaga</strong></span> <span class='ocrx_word' id='word_1_119' title='bbox 1167 1251 1384 1305; x_wconf 87' lang='lat' dir='ltr'><strong>positus</strong></span> <span class='ocrx_word' id='word_1_120' title='bbox 1412 1253 1464 1294; x_wconf 91' lang='lat' dir='ltr'><strong>et</strong></span> <span class='ocrx_word' id='word_1_121' title='bbox 1490 1252 1672 1294; x_wconf 86' lang='lat' dir='ltr'><strong>sciens</strong></span> 
     </span>
     <span class='ocr_line' id='line_1_15' title="bbox 141 1312 1672 1376; baseline 0.001 -13"><span class='ocrx_word' id='word_1_122' title='bbox 141 1321 281 1363; x_wconf 88' lang='lat' dir='ltr'><strong>ferre</strong></span> <span class='ocrx_word' id='word_1_123' title='bbox 325 1312 723 1372; x_wconf 82' lang='lat' dir='ltr'><strong>infirmitatem,</strong></span> <span class='ocrx_word' id='word_1_124' title='bbox 766 1321 906 1363; x_wconf 87' lang='lat' dir='ltr'><strong>reddit</strong></span> <span class='ocrx_word' id='word_1_125' title='bbox 949 1334 1112 1373; x_wconf 84' lang='lat' dir='ltr'><strong>causas,</strong></span> <span class='ocrx_word' id='word_1_126' title='bbox 1159 1335 1285 1376; x_wconf 91' lang='lat' dir='ltr'><strong>quare</strong></span> <span class='ocrx_word' id='word_1_127' title='bbox 1322 1322 1407 1364; x_wconf 87' lang='lat' dir='ltr'><strong>ista</strong></span> <span class='ocrx_word' id='word_1_128' title='bbox 1443 1335 1672 1376; x_wconf 87' lang='lat' dir='ltr'><strong>perpessus</strong></span> 
     </span>
     <span class='ocr_line' id='line_1_16' title="bbox 142 1386 1672 1445; baseline 0.001 -11"><span class='ocrx_word' id='word_1_129' title='bbox 142 1392 216 1435; x_wconf 88' lang='lat' dir='ltr'><strong>sit:</strong></span> <span class='ocrx_word' id='word_1_130' title='bbox 249 1392 372 1445; x_wconf 85' lang='lat' dir='ltr'><strong>quia</strong></span> <span class='ocrx_word' id='word_1_131' title='bbox 398 1386 607 1434; x_wconf 88' lang='lat' dir='ltr'><strong>auertit</strong></span> <span class='ocrx_word' id='word_1_132' title='bbox 630 1391 826 1434; x_wconf 85' lang='lat' dir='ltr'><strong>faciem</strong></span> <span class='ocrx_word' id='word_1_133' title='bbox 853 1403 1012 1443; x_wconf 86' lang='lat' dir='ltr'><strong>suam,</strong></span> <span class='ocrx_word' id='word_1_134' title='bbox 1039 1391 1083 1433; x_wconf 92' lang='lat' dir='ltr'><strong>id</strong></span> <span class='ocrx_word' id='word_1_135' title='bbox 1109 1394 1175 1434; x_wconf 89' lang='lat' dir='ltr'><strong>est</strong></span> <span class='ocrx_word' id='word_1_136' title='bbox 1199 1392 1422 1445; x_wconf 88' lang='lat' dir='ltr'><strong>paululum</strong></span> <span class='ocrx_word' id='word_1_137' title='bbox 1448 1392 1672 1436; x_wconf 87' lang='lat' dir='ltr'><strong>diuinitate</strong></span> 
     </span>
     <span class='ocr_line' id='line_1_17' title="bbox 141 1462 1674 1516; baseline 0 -11"><span class='ocrx_word' id='word_1_138' title='bbox 141 1463 358 1505; x_wconf 90' lang='lat' dir='ltr'><strong>subtracta</strong></span> <span class='ocrx_word' id='word_1_139' title='bbox 388 1475 540 1516; x_wconf 89' lang='lat' dir='ltr'><strong>corpus</strong></span> <span class='ocrx_word' id='word_1_140' title='bbox 570 1462 748 1504; x_wconf 87' lang='lat' dir='ltr'><strong>iniuriae</strong></span> <span class='ocrx_word' id='word_1_141' title='bbox 781 1462 1018 1516; x_wconf 83' lang='lat' dir='ltr'><strong>dereliquit.</strong></span> <span class='ocrx_word' id='word_1_142' title='bbox 1056 1462 1228 1516; x_wconf 87' lang='lat' dir='ltr'><strong>quidam</strong></span> <span class='ocrx_word' id='word_1_143' title='bbox 1257 1462 1371 1504; x_wconf 92' lang='lat' dir='ltr'><strong>hunc</strong></span> <span class='ocrx_word' id='word_1_144' title='bbox 1411 1462 1674 1505; x_wconf 88' lang='lat' dir='ltr'><strong>uersiculum</strong></span> 
     </span>
     <span class='ocr_line' id='line_1_18' title="bbox 142 1532 1671 1588; baseline -0.001 -12"><span class='ocrx_word' id='word_1_145' title='bbox 142 1534 428 1588; x_wconf 87' lang='lat' dir='ltr'><strong>superioribus</strong></span> <span class='ocrx_word' id='word_1_146' title='bbox 468 1535 680 1588; x_wconf 89' lang='lat' dir='ltr'><strong>copulant,</strong></span> <span class='ocrx_word' id='word_1_147' title='bbox 726 1536 777 1575; x_wconf 90' lang='lat' dir='ltr'><strong>ut</strong></span> <span class='ocrx_word' id='word_1_148' title='bbox 820 1533 1111 1587; x_wconf 90' lang='lat' dir='ltr'><strong>speciosus</strong></span> <span class='ocrx_word' id='word_1_149' title='bbox 1143 1532 1324 1575; x_wconf 68' lang='lat' dir='ltr'><strong>,forma</strong></span> <span class='ocrx_word' id='word_1_150' title='bbox 1361 1545 1485 1587; x_wconf 89' lang='lat' dir='ltr'><strong>prae</strong></span> <span class='ocrx_word' id='word_1_151' title='bbox 1522 1533 1671 1576; x_wconf 89' lang='lat' dir='ltr'><strong>filiis</strong></span> 
     </span>
     <span class='ocr_line' id='line_1_19' title="bbox 141 1604 1553 1655; baseline 0 -8"><span class='ocrx_word' id='word_1_152' title='bbox 141 1606 410 1648; x_wconf 90' lang='lat' dir='ltr'><strong>hominum</strong></span> <span class='ocrx_word' id='word_1_153' title='bbox 441 1617 522 1648; x_wconf 91' lang='lat' dir='ltr'><strong>non</strong></span> <span class='ocrx_word' id='word_1_154' title='bbox 555 1605 608 1647; x_wconf 90' lang='lat' dir='ltr'><strong>ad</strong></span> <span class='ocrx_word' id='word_1_155' title='bbox 640 1604 870 1655; x_wconf 85' lang='lat' dir='ltr'><strong>Christum,</strong></span> <span class='ocrx_word' id='word_1_156' title='bbox 904 1604 979 1646; x_wconf 88' lang='lat' dir='ltr'><strong>sed</strong></span> <span class='ocrx_word' id='word_1_157' title='bbox 1009 1604 1062 1646; x_wconf 90' lang='lat' dir='ltr'><strong>ad</strong></span> <span class='ocrx_word' id='word_1_158' title='bbox 1095 1604 1304 1646; x_wconf 85' lang='lat' dir='ltr'><strong>calamum</strong></span> <span class='ocrx_word' id='word_1_159' title='bbox 1336 1604 1553 1647; x_wconf 88' lang='lat' dir='ltr'><strong>referatur.</strong></span> 
     </span>
    </p>

    <p class='ocr_par' dir='ltr' id='par_1_3' title="bbox 139 1673 1743 2228">
     <span class='ocr_line' id='line_1_20' title="bbox 202 1673 1743 1732; baseline -0.001 -13"><span class='ocrx_word' id='word_1_160' title='bbox 202 1678 241 1719; x_wconf 88' lang='grc'><strong>9.</strong></span> <span class='ocrx_word' id='word_1_161' title='bbox 278 1677 470 1719; x_wconf 85' lang='lat' dir='ltr'><strong>Effusa</strong></span> <span class='ocrx_word' id='word_1_162' title='bbox 503 1673 586 1719; x_wconf 83' lang='lat' dir='ltr'><strong>est</strong></span> <span class='ocrx_word' id='word_1_163' title='bbox 618 1677 796 1732; x_wconf 90' lang='lat' dir='ltr'><strong>gratia</strong></span> <span class='ocrx_word' id='word_1_164' title='bbox 827 1676 877 1718; x_wconf 93' lang='lat' dir='ltr'><strong>in</strong></span> <span class='ocrx_word' id='word_1_165' title='bbox 909 1676 1077 1718; x_wconf 90' lang='lat' dir='ltr'><strong>labiis</strong></span> <span class='ocrx_word' id='word_1_166' title='bbox 1110 1676 1238 1725; x_wconf 88' lang='lat' dir='ltr'><strong>tuis,</strong></span> <span class='ocrx_word' id='word_1_167' title='bbox 1270 1679 1571 1731; x_wconf 81' lang='lat' dir='ltr'><strong>propterea</strong></span> <span class='ocrx_word' id='word_1_168' title='bbox 1594 1677 1672 1718; x_wconf 90' lang='lat' dir='ltr'><strong>be·</strong></span> <span class='ocrx_word' id='word_1_169' title='bbox 1741 1676 1743 1679; x_wconf 81' lang='grc'><strong>’</strong></span> 
     </span>
     <span class='ocr_line' id='line_1_21' title="bbox 141 1747 1670 1802; baseline -0.001 -13"><span class='ocrx_word' id='word_1_170' title='bbox 141 1748 352 1790; x_wconf 83' lang='lat' dir='ltr'><strong>nedixit</strong></span> <span class='ocrx_word' id='word_1_171' title='bbox 395 1750 445 1789; x_wconf 90' lang='lat' dir='ltr'><strong>te</strong></span> <span class='ocrx_word' id='word_1_172' title='bbox 485 1747 617 1789; x_wconf 89' lang='lat' dir='ltr'><strong>deus</strong></span> <span class='ocrx_word' id='word_1_173' title='bbox 655 1747 706 1788; x_wconf 92' lang='lat' dir='ltr'><strong>in</strong></span> <span class='ocrx_word' id='word_1_174' title='bbox 734 1749 1035 1789; x_wconf 85' lang='lat' dir='ltr'><strong>aeternum.</strong></span> <span class='ocrx_word' id='word_1_175' title='bbox 1078 1747 1121 1788; x_wconf 94' lang='lat' dir='ltr'><strong>in</strong></span> <span class='ocrx_word' id='word_1_176' title='bbox 1159 1747 1342 1789; x_wconf 86' lang='lat' dir='ltr'><strong>editione</strong></span> <span class='ocrx_word' id='word_1_177' title='bbox 1379 1748 1558 1802; x_wconf 84' lang='lat' dir='ltr'><strong>uulgata</strong></span> <span class='ocrx_word' id='word_1_178' title='bbox 1597 1759 1670 1801; x_wconf 89' lang='lat' dir='ltr'><strong>pro</strong></span> 
     </span>
     <span class='ocr_line' id='line_1_22' title="bbox 139 1816 1672 1872; baseline -0.001 -12"><span class='ocrx_word' id='word_1_179' title='bbox 139 1818 378 1860; x_wconf 83' lang='lat' dir='ltr'><strong>‘benedixit‘</strong></span> <span class='ocrx_word' id='word_1_180' title='bbox 402 1818 547 1860; x_wconf 83' lang='lat' dir='ltr'><strong>‘unxit&#39;</strong></span> <span class='ocrx_word' id='word_1_181' title='bbox 566 1818 770 1872; x_wconf 86' lang='lat' dir='ltr'><strong>legimus;</strong></span> <span class='ocrx_word' id='word_1_182' title='bbox 792 1817 867 1860; x_wconf 89' lang='lat' dir='ltr'><strong>sed</strong></span> <span class='ocrx_word' id='word_1_183' title='bbox 887 1816 1120 1867; x_wconf 88' lang='lat' dir='ltr'><strong>sciendum,</strong></span> <span class='ocrx_word' id='word_1_184' title='bbox 1141 1817 1253 1871; x_wconf 91' lang='lat' dir='ltr'><strong>quod</strong></span> <span class='ocrx_word' id='word_1_185' title='bbox 1280 1830 1392 1860; x_wconf 92' lang='lat' dir='ltr'><strong>error</strong></span> <span class='ocrx_word' id='word_1_186' title='bbox 1419 1817 1672 1871; x_wconf 83' lang='lat' dir='ltr'><strong>scriptorum</strong></span> 
     </span>
     <span class='ocr_line' id='line_1_23' title="bbox 140 1887 1673 1944; baseline 0 -13"><span class='ocrx_word' id='word_1_187' title='bbox 140 1889 411 1944; x_wconf 82' lang='lat' dir='ltr'><strong>septuaginta</strong></span> <span class='ocrx_word' id='word_1_188' title='bbox 447 1888 770 1931; x_wconf 85' lang='lat' dir='ltr'><strong>translatoribus</strong></span> <span class='ocrx_word' id='word_1_189' title='bbox 808 1900 887 1930; x_wconf 90' lang='lat' dir='ltr'><strong>non</strong></span> <span class='ocrx_word' id='word_1_190' title='bbox 926 1887 1077 1930; x_wconf 87' lang='lat' dir='ltr'><strong>debeat</strong></span> <span class='ocrx_word' id='word_1_191' title='bbox 1111 1888 1312 1941; x_wconf 86' lang='lat' dir='ltr'><strong>inputari,</strong></span> <span class='ocrx_word' id='word_1_192' title='bbox 1351 1888 1423 1942; x_wconf 89' lang='lat' dir='ltr'><strong>qui</strong></span> <span class='ocrx_word' id='word_1_193' title='bbox 1461 1888 1541 1930; x_wconf 90' lang='lat' dir='ltr'><strong>hoc</strong></span> <span class='ocrx_word' id='word_1_194' title='bbox 1579 1889 1673 1931; x_wconf 90' lang='lat' dir='ltr'><strong>loco</strong></span> 
     </span>
     <span class='ocr_line' id='line_1_24' title="bbox 141 1958 1674 2015; baseline -0.001 -13"><span class='ocrx_word' id='word_1_195' title='bbox 141 1973 238 2002; x_wconf 85' lang='lat' dir='ltr'><strong>oum</strong></span> <span class='ocrx_word' id='word_1_196' title='bbox 262 1959 471 2002; x_wconf 88' lang='lat' dir='ltr'><strong>Hebraica</strong></span> <span class='ocrx_word' id='word_1_197' title='bbox 502 1959 682 2001; x_wconf 88' lang='lat' dir='ltr'><strong>ueritate</strong></span> <span class='ocrx_word' id='word_1_198' title='bbox 708 1959 973 2001; x_wconf 76' lang='lat' dir='ltr'><strong>concordant,</strong></span> <span class='ocrx_word' id='word_1_199' title='bbox 995 1960 1188 2015; x_wconf 78' lang='lat' dir='ltr'><strong>¹legentes</strong></span> <span class='ocrx_word' id='word_1_200' title='bbox 1214 1958 1341 2000; x_wconf 90' lang='lat' dir='ltr'><strong>illud:</strong></span> <span class='ocrx_word' id='word_1_201' title='bbox 1373 1959 1530 2001; x_wconf 88' lang='lat' dir='ltr'><strong>Iesus</strong></span> <span class='ocrx_word' id='word_1_202' title='bbox 1563 1972 1620 2012; x_wconf 90' lang='lat' dir='ltr'><strong>pr</strong></span> <span class='ocrx_word' id='word_1_203' title='bbox 1632 1972 1674 2001; x_wconf 93' lang='lat' dir='ltr'><strong>o-</strong></span> 
     </span>
     <span class='ocr_line' id='line_1_25' title="bbox 141 2022 1671 2086; baseline -0.001 -13"><span class='ocrx_word' id='word_1_204' title='bbox 141 2022 372 2073; x_wconf 84' lang='lat' dir='ltr'><strong>ficiebat</strong></span> <span class='ocrx_word' id='word_1_205' title='bbox 416 2030 692 2084; x_wconf 85' lang='lat' dir='ltr'><strong>sapientia</strong></span> <span class='ocrx_word' id='word_1_206' title='bbox 729 2032 779 2071; x_wconf 89' lang='lat' dir='ltr'><strong>et</strong></span> <span class='ocrx_word' id='word_1_207' title='bbox 816 2031 996 2072; x_wconf 91' lang='lat' dir='ltr'><strong>aetate</strong></span> <span class='ocrx_word' id='word_1_208' title='bbox 1035 2031 1086 2072; x_wconf 91' lang='lat' dir='ltr'><strong>et</strong></span> <span class='ocrx_word' id='word_1_209' title='bbox 1124 2029 1302 2086; x_wconf 87' lang='lat' dir='ltr'><strong>gratia</strong></span> <span class='ocrx_word' id='word_1_210' title='bbox 1340 2028 1479 2083; x_wconf 91' lang='lat' dir='ltr'><strong>apud</strong></span> <span class='ocrx_word' id='word_1_211' title='bbox 1520 2029 1671 2072; x_wconf 90' lang='lat' dir='ltr'><strong>deum</strong></span> 
     </span>
     <span class='ocr_line' id='line_1_26' title="bbox 143 2101 1672 2155; baseline -0.001 -11"><span class='ocrx_word' id='word_1_212' title='bbox 143 2105 194 2144; x_wconf 91' lang='lat' dir='ltr'><strong>et</strong></span> <span class='ocrx_word' id='word_1_213' title='bbox 218 2102 459 2144; x_wconf 91' lang='lat' dir='ltr'><strong>homines</strong></span> <span class='ocrx_word' id='word_1_214' title='bbox 487 2104 529 2144; x_wconf 88' lang='lat' dir='ltr'><strong>et</strong></span> <span class='ocrx_word' id='word_1_215' title='bbox 553 2102 594 2143; x_wconf 92' lang='lat' dir='ltr'><strong>in</strong></span> <span class='ocrx_word' id='word_1_216' title='bbox 621 2101 703 2143; x_wconf 88' lang='lat' dir='ltr'><strong>alio</strong></span> <span class='ocrx_word' id='word_1_217' title='bbox 730 2102 840 2143; x_wconf 91' lang='lat' dir='ltr'><strong>loco:</strong></span> <span class='ocrx_word' id='word_1_218' title='bbox 868 2101 1275 2143; x_wconf 87' lang='lat' dir='ltr'><strong>admirabantur</strong></span> <span class='ocrx_word' id='word_1_219' title='bbox 1301 2113 1463 2155; x_wconf 88' lang='lat' dir='ltr'><strong>super</strong></span> <span class='ocrx_word' id='word_1_220' title='bbox 1490 2101 1672 2143; x_wconf 85' lang='lat' dir='ltr'><strong>uerbis</strong></span> 
     </span>
     <span class='ocr_line' id='line_1_27' title="bbox 141 2171 1674 2228; baseline -0.001 -13"><span class='ocrx_word' id='word_1_221' title='bbox 141 2174 354 2228; x_wconf 84' lang='lat' dir='ltr'><strong>gratiae</strong></span> <span class='ocrx_word' id='word_1_222' title='bbox 394 2173 523 2219; x_wconf 88' lang='lat' dir='ltr'><strong>eius,</strong></span> <span class='ocrx_word' id='word_1_223' title='bbox 563 2185 692 2226; x_wconf 88' lang='lat' dir='ltr'><strong>quae</strong></span> <span class='ocrx_word' id='word_1_224' title='bbox 737 2171 1163 2227; x_wconf 84' lang='lat' dir='ltr'><strong>egrediebantur</strong></span> <span class='ocrx_word' id='word_1_225' title='bbox 1195 2171 1253 2213; x_wconf 92' lang='lat' dir='ltr'><strong>de</strong></span> <span class='ocrx_word' id='word_1_226' title='bbox 1294 2183 1379 2213; x_wconf 91' lang='lat' dir='ltr'><strong>ore</strong></span> <span class='ocrx_word' id='word_1_227' title='bbox 1418 2171 1598 2222; x_wconf 91' lang='lat' dir='ltr'><strong>illius,</strong></span> <span class='ocrx_word' id='word_1_228' title='bbox 1631 2174 1674 2214; x_wconf 90' lang='lat' dir='ltr'><strong>et</strong></span> 
     </span>
    </p>

    <p class='ocr_par' dir='ltr' id='par_1_4' title="bbox 259 2254 1672 2309">
     <span class='ocr_line' id='line_1_28' title="bbox 259 2254 1672 2309; baseline -0.002 -8"><span class='ocrx_word' id='word_1_229' title='bbox 259 2266 281 2301; x_wconf 81' lang='lat'><strong>9</strong></span> <span class='ocrx_word' id='word_1_230' title='bbox 309 2265 351 2301; x_wconf 80' lang='lat' dir='ltr'><strong>cf.</strong></span> <span class='ocrx_word' id='word_1_231' title='bbox 377 2265 454 2300; x_wconf 89' lang='lat' dir='ltr'><strong>Ioh.</strong></span> <span class='ocrx_word' id='word_1_232' title='bbox 485 2267 516 2309; x_wconf 90' lang='lat'><strong>1,</strong></span> <span class='ocrx_word' id='word_1_233' title='bbox 545 2266 587 2300; x_wconf 89' lang='lat'><strong>13</strong></span> <span class='ocrx_word' id='word_1_234' title='bbox 661 2254 719 2299; x_wconf 83' lang='lat'><strong>&#39;11</strong></span> <span class='ocrx_word' id='word_1_235' title='bbox 750 2265 792 2300; x_wconf 72' lang='lat' dir='ltr'><strong>cf.</strong></span> <span class='ocrx_word' id='word_1_236' title='bbox 820 2265 950 2301; x_wconf 70' lang='lat' dir='ltr'><strong>Matth.</strong></span> <span class='ocrx_word' id='word_1_237' title='bbox 976 2265 1010 2309; x_wconf 87' lang='lat'><strong>4,</strong></span> <span class='ocrx_word' id='word_1_238' title='bbox 1038 2264 1178 2300; x_wconf 85' lang='lat'>18-22</span> <span class='ocrx_word' id='word_1_239' title='bbox 1205 2266 1272 2298; x_wconf 71' lang='lat' dir='ltr'><strong>etc.</strong></span> <span class='ocrx_word' id='word_1_240' title='bbox 1390 2263 1435 2299; x_wconf 84' lang='lat' dir='ltr'><strong>ef.</strong></span> <span class='ocrx_word' id='word_1_241' title='bbox 1463 2263 1540 2298; x_wconf 89' lang='lat' dir='ltr'><strong>Ioh.</strong></span> <span class='ocrx_word' id='word_1_242' title='bbox 1569 2263 1624 2307; x_wconf 85' lang='lat'><strong>18,</strong></span> <span class='ocrx_word' id='word_1_243' title='bbox 1650 2265 1672 2299; x_wconf 90' lang='lat'>6</span> 
     </span>
    </p>
   </div>
   <div class='ocr_carea' id='block_1_3' title="bbox 139 2322 1672 2428">
    <p class='ocr_par' dir='ltr' id='par_1_5' title="bbox 139 2322 1672 2428">
     <span class='ocr_line' id='line_1_29' title="bbox 143 2322 1672 2367; baseline -0.003 -5"><span class='ocrx_word' id='word_1_244' title='bbox 143 2325 186 2362; x_wconf 85' lang='lat'><strong>13</strong></span> <span class='ocrx_word' id='word_1_245' title='bbox 212 2324 328 2359; x_wconf 71' lang='lat' dir='ltr'><strong>*Esai</strong></span> <span class='ocrx_word' id='word_1_246' title='bbox 355 2325 412 2365; x_wconf 82' lang='lat'><strong>53,</strong></span> <span class='ocrx_word' id='word_1_247' title='bbox 439 2325 460 2359; x_wconf 89' lang='lat'><strong>3</strong></span> <span class='ocrx_word' id='word_1_248' title='bbox 579 2325 621 2359; x_wconf 89' lang='grc'><strong>15</strong></span> <span class='ocrx_word' id='word_1_249' title='bbox 648 2324 765 2359; x_wconf 87' lang='lat' dir='ltr'><strong>*Esai·.</strong></span> <span class='ocrx_word' id='word_1_250' title='bbox 791 2324 847 2367; x_wconf 85' lang='lat'><strong>53,</strong></span> <span class='ocrx_word' id='word_1_251' title='bbox 874 2325 894 2358; x_wconf 90' lang='lat'><strong>3</strong></span> <span class='ocrx_word' id='word_1_252' title='bbox 1014 2324 1055 2358; x_wconf 88' lang='lat'><strong>17</strong></span> <span class='ocrx_word' id='word_1_253' title='bbox 1083 2323 1142 2358; x_wconf 74' lang='lat' dir='ltr'><strong>Pe.</strong></span> <span class='ocrx_word' id='word_1_254' title='bbox 1168 2324 1226 2364; x_wconf 86' lang='lat'><strong>44,</strong></span> <span class='ocrx_word' id='word_1_255' title='bbox 1253 2323 1274 2357; x_wconf 87' lang='lat'><strong>3</strong></span> <span class='ocrx_word' id='word_1_256' title='bbox 1386 2322 1430 2358; x_wconf 91' lang='grc'><strong>19</strong></span> <span class='ocrx_word' id='word_1_257' title='bbox 1458 2322 1539 2358; x_wconf 78' lang='lat' dir='ltr'><strong>*Ps.</strong></span> <span class='ocrx_word' id='word_1_258' title='bbox 1565 2323 1623 2367; x_wconf 85' lang='lat'><strong>44,</strong></span> <span class='ocrx_word' id='word_1_259' title='bbox 1650 2323 1672 2357; x_wconf 86' lang='lat'><strong>3</strong></span> 
     </span>
     <span class='ocr_line' id='line_1_30' title="bbox 139 2382 1244 2428; baseline -0.003 -9"><span class='ocrx_word' id='word_1_260' title='bbox 139 2385 183 2419; x_wconf 84' lang='lat'><strong>21</strong></span> <span class='ocrx_word' id='word_1_261' title='bbox 212 2384 257 2419; x_wconf 86' lang='lat' dir='ltr'><strong>cf.</strong></span> <span class='ocrx_word' id='word_1_262' title='bbox 284 2384 342 2419; x_wconf 87' lang='lat' dir='ltr'><strong>Ps.</strong></span> <span class='ocrx_word' id='word_1_263' title='bbox 368 2385 426 2428; x_wconf 82' lang='lat'><strong>44,</strong></span> <span class='ocrx_word' id='word_1_264' title='bbox 452 2384 473 2418; x_wconf 83' lang='lat'>8</span> <span class='ocrx_word' id='word_1_265' title='bbox 548 2383 592 2418; x_wconf 85' lang='grc'>23</span> <span class='ocrx_word' id='word_1_266' title='bbox 620 2383 727 2418; x_wconf 62' lang='lat' dir='ltr'><strong>*Lum</strong></span> <span class='ocrx_word' id='word_1_267' title='bbox 753 2384 786 2427; x_wconf 84' lang='lat'><strong>2,</strong></span> <span class='ocrx_word' id='word_1_268' title='bbox 812 2383 858 2418; x_wconf 83' lang='lat'><strong>52</strong></span> <span class='ocrx_word' id='word_1_269' title='bbox 932 2383 976 2418; x_wconf 88' lang='grc'><strong>25</strong></span> <span class='ocrx_word' id='word_1_270' title='bbox 1004 2383 1111 2417; x_wconf 84' lang='lat' dir='ltr'><strong>*Luc.</strong></span> <span class='ocrx_word' id='word_1_271' title='bbox 1137 2385 1170 2423; x_wconf 91' lang='lat'><strong>4,</strong></span> <span class='ocrx_word' id='word_1_272' title='bbox 1198 2382 1244 2417; x_wconf 82' lang='lat'><strong>22</strong></span> 
     </span>
    </p>
   </div>
   <div class='ocr_carea' id='block_1_4' title="bbox 139 2451 1674 2903">
    <p class='ocr_par' dir='ltr' id='par_1_6' title="bbox 139 2451 1674 2903">
     <span class='ocr_line' id='line_1_31' title="bbox 192 2451 1674 2500; baseline -0.003 -9"><span class='ocrx_word' id='word_1_273' title='bbox 192 2457 208 2491; x_wconf 97' lang='grc'>1</span> <span class='ocrx_word' id='word_1_274' title='bbox 238 2458 275 2491; x_wconf 88' lang='lat' dir='ltr'><strong>et</strong></span> <span class='ocrx_word' id='word_1_275' title='bbox 298 2467 325 2490; x_wconf 76' lang='lat' dir='ltr'><strong>s.</strong></span> <span class='ocrx_word' id='word_1_276' title='bbox 354 2456 377 2491; x_wconf 83' lang='lat' dir='ltr'><strong>l.</strong></span> <span class='ocrx_word' id='word_1_277' title='bbox 405 2455 505 2490; x_wconf 83' lang='lat' dir='ltr'><strong>m2B</strong></span> <span class='ocrx_word' id='word_1_278' title='bbox 600 2455 621 2488; x_wconf 84' lang='lat'>2</span> <span class='ocrx_word' id='word_1_279' title='bbox 650 2455 748 2500; x_wconf 83' lang='lat' dir='ltr'><strong>quia]</strong></span> <span class='ocrx_word' id='word_1_280' title='bbox 778 2456 839 2500; x_wconf 90' lang='lat' dir='ltr'><strong>qui</strong></span> <span class='ocrx_word' id='word_1_281' title='bbox 865 2455 901 2489; x_wconf 90' lang='lat' dir='ltr'><em>B</em></span> <span class='ocrx_word' id='word_1_282' title='bbox 982 2455 985 2457; x_wconf 76' lang='grc'><strong>’</strong></span> <span class='ocrx_word' id='word_1_283' title='bbox 1011 2454 1124 2490; x_wconf 87' lang='lat' dir='ltr'><strong>uertit</strong></span> <span class='ocrx_word' id='word_1_284' title='bbox 1149 2454 1190 2488; x_wconf 93' lang='lat' dir='ltr'><em>X</em></span> <span class='ocrx_word' id='word_1_285' title='bbox 1285 2454 1306 2488; x_wconf 89' lang='lat'>5</span> <span class='ocrx_word' id='word_1_286' title='bbox 1331 2453 1415 2488; x_wconf 88' lang='lat' dir='ltr'><strong>hinc</strong></span> <span class='ocrx_word' id='word_1_287' title='bbox 1442 2455 1478 2497; x_wconf 89' lang='lat' dir='ltr'><strong>(n</strong></span> <span class='ocrx_word' id='word_1_288' title='bbox 1506 2455 1602 2498; x_wconf 70' lang='lat' dir='ltr'><strong>emp.)</strong></span> <span class='ocrx_word' id='word_1_289' title='bbox 1628 2451 1674 2487; x_wconf 92' lang='lat' dir='ltr'><em>M</em></span> 
     </span>
     <span class='ocr_line' id='line_1_32' title="bbox 141 2512 1672 2560; baseline -0.003 -10"><span class='ocrx_word' id='word_1_290' title='bbox 141 2515 314 2550; x_wconf 86' lang='lat' dir='ltr'><strong>eiusdem.</strong></span> <span class='ocrx_word' id='word_1_291' title='bbox 340 2515 525 2560; x_wconf 87' lang='lat' dir='ltr'><strong>speciosus</strong></span> <span class='ocrx_word' id='word_1_292' title='bbox 552 2515 674 2549; x_wconf 84' lang='lat' dir='ltr'><strong>forma.</strong></span> <span class='ocrx_word' id='word_1_293' title='bbox 702 2514 760 2549; x_wconf 91' lang='lat' dir='ltr'><strong>hic</strong></span> <span class='ocrx_word' id='word_1_294' title='bbox 781 2514 806 2549; x_wconf 78' lang='lat' dir='ltr'><strong>cl</strong></span> <span class='ocrx_word' id='word_1_295' title='bbox 877 2513 1082 2559; x_wconf 88' lang='lat' dir='ltr'><strong>pulcritudo</strong></span> <span class='ocrx_word' id='word_1_296' title='bbox 1113 2513 1221 2549; x_wconf 83' lang='lat' dir='ltr'><strong>WdB</strong></span> <span class='ocrx_word' id='word_1_297' title='bbox 1270 2513 1291 2548; x_wconf 87' lang='grc'><strong>6</strong></span> <span class='ocrx_word' id='word_1_298' title='bbox 1318 2512 1413 2558; x_wconf 88' lang='lat' dir='ltr'><strong>quod</strong></span> <span class='ocrx_word' id='word_1_299' title='bbox 1434 2512 1460 2548; x_wconf 81' lang='lat' dir='ltr'><strong>d</strong></span> <span class='ocrx_word' id='word_1_300' title='bbox 1508 2513 1527 2547; x_wconf 79' lang='lat'>7</span> <span class='ocrx_word' id='word_1_301' title='bbox 1554 2512 1672 2557; x_wconf 71' lang='lat' dir='ltr'><strong>form]</strong></span> 
     </span>
     <span class='ocr_line' id='line_1_33' title="bbox 141 2570 1671 2618; baseline -0.003 -9"><span class='ocrx_word' id='word_1_302' title='bbox 141 2574 270 2609; x_wconf 80' lang='lat' dir='ltr'><strong>fortior</strong></span> <span class='ocrx_word' id='word_1_303' title='bbox 294 2574 328 2608; x_wconf 92' lang='lat' dir='ltr'><em>L</em></span> <span class='ocrx_word' id='word_1_304' title='bbox 353 2574 487 2608; x_wconf 84' lang='lat' dir='ltr'><strong>firmior</strong></span> <span class='ocrx_word' id='word_1_305' title='bbox 518 2573 569 2607; x_wconf 94' lang='lat' dir='ltr'><em>W</em></span> <span class='ocrx_word' id='word_1_306' title='bbox 672 2573 693 2608; x_wconf 87' lang='grc'>8</span> <span class='ocrx_word' id='word_1_307' title='bbox 720 2572 869 2618; x_wconf 88' lang='lat' dir='ltr'><strong>absque]</strong></span> <span class='ocrx_word' id='word_1_308' title='bbox 897 2572 1013 2617; x_wconf 81' lang='lat' dir='ltr'><strong>adque</strong></span> <span class='ocrx_word' id='word_1_309' title='bbox 1040 2573 1079 2607; x_wconf 90' lang='lat' dir='ltr'><em>X</em></span> <span class='ocrx_word' id='word_1_310' title='bbox 1199 2570 1444 2618; x_wconf 83' lang='lat' dir='ltr'><strong>pulcrior&#39;dB</strong></span> <span class='ocrx_word' id='word_1_311' title='bbox 1553 2571 1574 2606; x_wconf 91' lang='lat'>9</span> <span class='ocrx_word' id='word_1_312' title='bbox 1601 2581 1671 2605; x_wconf 88' lang='lat' dir='ltr'><strong>non</strong></span> 
     </span>
     <span class='ocr_line' id='line_1_34' title="bbox 139 2630 1673 2677; baseline -0.002 -9"><span class='ocrx_word' id='word_1_313' title='bbox 139 2645 170 2670; x_wconf 77' lang='grc'><strong>3.</strong></span> <span class='ocrx_word' id='word_1_314' title='bbox 198 2634 220 2668; x_wconf 83' lang='lat' dir='ltr'><strong>l.</strong></span> <span class='ocrx_word' id='word_1_315' title='bbox 253 2633 304 2668; x_wconf 92' lang='lat' dir='ltr'><strong><em>W</em></strong></span> <span class='ocrx_word' id='word_1_316' title='bbox 379 2633 449 2668; x_wconf 92' lang='lat' dir='ltr'><strong>uiri</strong></span> <span class='ocrx_word' id='word_1_317' title='bbox 475 2643 542 2667; x_wconf 88' lang='lat' dir='ltr'><strong>om.</strong></span> <span class='ocrx_word' id='word_1_318' title='bbox 569 2633 605 2666; x_wconf 90' lang='grc' dir='ltr'><strong><em>Β</em></strong></span> <span class='ocrx_word' id='word_1_319' title='bbox 670 2633 711 2666; x_wconf 89' lang='grc'><strong>12</strong></span> <span class='ocrx_word' id='word_1_320' title='bbox 739 2631 908 2676; x_wconf 86' lang='lat' dir='ltr'><strong>conpreh.</strong></span> <span class='ocrx_word' id='word_1_321' title='bbox 934 2642 1013 2667; x_wconf 89' lang='lat' dir='ltr'><strong>eum</strong></span> <span class='ocrx_word' id='word_1_322' title='bbox 1039 2643 1064 2677; x_wconf 80' lang='grc' dir='ltr'><strong><em>ς</em></strong></span> <span class='ocrx_word' id='word_1_323' title='bbox 1127 2632 1170 2667; x_wconf 88' lang='grc'><strong>13</strong></span> <span class='ocrx_word' id='word_1_324' title='bbox 1189 2642 1251 2676; x_wconf 78' lang='lat' dir='ltr'><strong>pr.</strong></span> <span class='ocrx_word' id='word_1_325' title='bbox 1277 2631 1328 2676; x_wconf 90' lang='lat' dir='ltr'><strong>in]</strong></span> <span class='ocrx_word' id='word_1_326' title='bbox 1358 2630 1401 2666; x_wconf 88' lang='lat' dir='ltr'><strong>de</strong></span> <span class='ocrx_word' id='word_1_327' title='bbox 1427 2633 1520 2675; x_wconf 76' lang='lat' dir='ltr'><strong>(eoep.</strong></span> <span class='ocrx_word' id='word_1_328' title='bbox 1542 2630 1617 2676; x_wconf 85' lang='lat' dir='ltr'><strong>m2)</strong></span> <span class='ocrx_word' id='word_1_329' title='bbox 1637 2631 1673 2665; x_wconf 98' lang='grc' dir='ltr'><strong><em>Β</em></strong></span> 
     </span>
     <span class='ocr_line' id='line_1_35' title="bbox 144 2689 1672 2737; baseline -0.003 -10"><span class='ocrx_word' id='word_1_330' title='bbox 144 2693 187 2728; x_wconf 85' lang='grc'>15</span> <span class='ocrx_word' id='word_1_331' title='bbox 214 2692 276 2737; x_wconf 86' lang='lat' dir='ltr'><strong>sit]</strong></span> <span class='ocrx_word' id='word_1_332' title='bbox 306 2694 360 2726; x_wconf 88' lang='lat' dir='ltr'><strong>est</strong></span> <span class='ocrx_word' id='word_1_333' title='bbox 386 2691 419 2725; x_wconf 92' lang='lat' dir='ltr'><em>L</em></span> <span class='ocrx_word' id='word_1_334' title='bbox 493 2692 555 2735; x_wconf 90' lang='lat' dir='ltr'><strong>qui</strong></span> <span class='ocrx_word' id='word_1_335' title='bbox 581 2690 716 2725; x_wconf 88' lang='lat' dir='ltr'><strong>auertit</strong></span> <span class='ocrx_word' id='word_1_336' title='bbox 740 2690 948 2735; x_wconf 82' lang='lat' dir='ltr'><strong>Xp.c.m2B</strong></span> <span class='ocrx_word' id='word_1_337' title='bbox 1021 2689 1065 2725; x_wconf 88' lang='lat' dir='ltr'><strong>de</strong></span> <span class='ocrx_word' id='word_1_338' title='bbox 1092 2689 1164 2725; x_wconf 90' lang='lat' dir='ltr'><strong>diu.</strong></span> <span class='ocrx_word' id='word_1_339' title='bbox 1191 2690 1396 2725; x_wconf 84' lang='lat' dir='ltr'><strong>substracta</strong></span> <span class='ocrx_word' id='word_1_340' title='bbox 1423 2690 1459 2724; x_wconf 92' lang='grc' dir='ltr'><strong><em>Β</em></strong></span> <span class='ocrx_word' id='word_1_341' title='bbox 1523 2689 1563 2723; x_wconf 83' lang='grc'>17</span> <span class='ocrx_word' id='word_1_342' title='bbox 1592 2700 1672 2723; x_wconf 87' lang='lat' dir='ltr'><strong>cum</strong></span> 
     </span>
     <span class='ocr_line' id='line_1_36' title="bbox 142 2746 1674 2796; baseline -0.002 -11"><span class='ocrx_word' id='word_1_343' title='bbox 142 2762 220 2796; x_wconf 85' lang='lat' dir='ltr'><strong>sup.</strong></span> <span class='ocrx_word' id='word_1_344' title='bbox 248 2751 318 2785; x_wconf 87' lang='lat' dir='ltr'><strong>LB</strong></span> <span class='ocrx_word' id='word_1_345' title='bbox 405 2750 448 2785; x_wconf 80' lang='grc'>18</span> <span class='ocrx_word' id='word_1_346' title='bbox 475 2754 542 2796; x_wconf 77' lang='lat' dir='ltr'><strong>xpo</strong></span> <span class='ocrx_word' id='word_1_347' title='bbox 568 2750 617 2784; x_wconf 87' lang='lat' dir='ltr'><em>M</em></span> <span class='ocrx_word' id='word_1_348' title='bbox 717 2751 851 2784; x_wconf 81' lang='lat' dir='ltr'><strong>referat</strong></span> <span class='ocrx_word' id='word_1_349' title='bbox 875 2750 909 2784; x_wconf 90' lang='lat' dir='ltr'><em>L</em></span> <span class='ocrx_word' id='word_1_350' title='bbox 997 2750 1040 2784; x_wconf 89' lang='lat'><strong>19</strong></span> <span class='ocrx_word' id='word_1_351' title='bbox 1066 2748 1206 2795; x_wconf 64' lang='lat' dir='ltr'><strong>bened]</strong></span> <span class='ocrx_word' id='word_1_352' title='bbox 1233 2747 1510 2793; x_wconf 80' lang='lat' dir='ltr'><strong>unx(cxWM)it</strong></span> <span class='ocrx_word' id='word_1_353' title='bbox 1541 2746 1674 2782; x_wconf 85' lang='lat' dir='ltr'><strong>WXM</strong></span> 
     </span>
     <span class='ocr_line' id='line_1_37' title="bbox 142 2807 1673 2854; baseline -0.003 -10"><span class='ocrx_word' id='word_1_354' title='bbox 142 2810 188 2844; x_wconf 79' lang='lat'><strong>23</strong></span> <span class='ocrx_word' id='word_1_355' title='bbox 215 2810 356 2844; x_wconf 86' lang='lat' dir='ltr'><strong>ebraica</strong></span> <span class='ocrx_word' id='word_1_356' title='bbox 388 2809 454 2844; x_wconf 48' lang='lat' dir='ltr'><strong>W1</strong></span> <span class='ocrx_word' id='word_1_357' title='bbox 553 2809 599 2844; x_wconf 88' lang='grc'><strong>24</strong></span> <span class='ocrx_word' id='word_1_358' title='bbox 626 2810 696 2843; x_wconf 85' lang='lat' dir='ltr'><strong>aet.</strong></span> <span class='ocrx_word' id='word_1_359' title='bbox 722 2811 761 2844; x_wconf 87' lang='lat' dir='ltr'><strong>et</strong></span> <span class='ocrx_word' id='word_1_360' title='bbox 785 2819 861 2854; x_wconf 82' lang='lat' dir='ltr'><strong>sap.</strong></span> <span class='ocrx_word' id='word_1_361' title='bbox 885 2819 910 2853; x_wconf 77' lang='lat' dir='ltr'><strong><em>g</em></strong></span> <span class='ocrx_word' id='word_1_362' title='bbox 1030 2818 1089 2853; x_wconf 78' lang='lat' dir='ltr'><strong>pr.</strong></span> <span class='ocrx_word' id='word_1_363' title='bbox 1116 2810 1153 2843; x_wconf 85' lang='lat' dir='ltr'><strong>et</strong></span> <span class='ocrx_word' id='word_1_364' title='bbox 1179 2819 1246 2844; x_wconf 87' lang='lat' dir='ltr'><strong>om.</strong></span> <span class='ocrx_word' id='word_1_365' title='bbox 1267 2807 1405 2842; x_wconf 86' lang='lat' dir='ltr'><strong>LWM</strong></span> <span class='ocrx_word' id='word_1_366' title='bbox 1521 2807 1566 2841; x_wconf 85' lang='lat'><strong>25</strong></span> <span class='ocrx_word' id='word_1_367' title='bbox 1592 2817 1673 2841; x_wconf 89' lang='lat' dir='ltr'><strong>uer-</strong></span> 
     </span>
     <span class='ocr_line' id='line_1_38' title="bbox 142 2867 816 2903; baseline 0 -1"><span class='ocrx_word' id='word_1_368' title='bbox 142 2868 228 2902; x_wconf 90' lang='lat' dir='ltr'><strong>bum</strong></span> <span class='ocrx_word' id='word_1_369' title='bbox 253 2868 289 2902; x_wconf 91' lang='lat' dir='ltr'>B</span> <span class='ocrx_word' id='word_1_370' title='bbox 361 2868 406 2903; x_wconf 84' lang='grc'>26</span> <span class='ocrx_word' id='word_1_371' title='bbox 433 2867 531 2902; x_wconf 87' lang='lat' dir='ltr'><strong>illius</strong></span> <span class='ocrx_word' id='word_1_372' title='bbox 558 2878 602 2902; x_wconf 71' lang='lat' dir='ltr'><strong>ex</strong></span> <span class='ocrx_word' id='word_1_373' title='bbox 626 2867 691 2902; x_wconf 93' lang='lat' dir='ltr'><strong>illo</strong></span> <span class='ocrx_word' id='word_1_374' title='bbox 717 2868 816 2903; x_wconf 81' lang='lat' dir='ltr'><strong>m2B</strong></span> 
     </span>
    </p>
   </div>
   <div class='ocr_carea' id='block_1_5' title="bbox 182 2935 1624 2983">
    <p class='ocr_par' dir='ltr' id='par_1_7' title="bbox 182 2935 1624 2983">
     <span class='ocr_line' id='line_1_39' title="bbox 182 2935 1624 2983; baseline -0.004 -9"><span class='ocrx_word' id='word_1_375' title='bbox 182 2949 260 2976; x_wconf 79' lang='lat' dir='ltr'>LIV.</span> <span class='ocrx_word' id='word_1_376' title='bbox 282 2949 410 2976; x_wconf 80' lang='lat' dir='ltr'><strong>Hieron.</strong></span> <span class='ocrx_word' id='word_1_377' title='bbox 432 2950 532 2983; x_wconf 84' lang='lat' dir='ltr'><strong>Epist.</strong></span> <span class='ocrx_word' id='word_1_378' title='bbox 554 2949 576 2975; x_wconf 83' lang='lat'><strong>1.</strong></span> <span class='ocrx_word' id='word_1_379' title='bbox 1578 2935 1624 2969; x_wconf 85' lang='grc'><strong>40</strong></span> 
     </span>
    </p>
   </div>
   <div class='ocr_carea' id='block_1_6' title="bbox 0 2255 2 3172">
    <p class='ocr_par' dir='ltr' id='par_1_8' title="bbox 0 2255 2 3172">
     <span class='ocr_line' id='line_1_40' title="bbox 0 2255 2 3172; baseline 0 0"><span class='ocrx_word' id='word_1_380' title='bbox 0 2255 2 3172; x_wconf 95' lang='lat' dir='ltr'><strong> </strong></span> 
     </span>
    </p>
   </div>
   <div class='ocr_carea' id='block_1_7' title="bbox 0 0 122 3254">
    <p class='ocr_par' dir='ltr' id='par_1_9' title="bbox 0 0 122 3254">
     <span class='ocr_line' id='line_1_41' title="bbox 0 0 122 3254; baseline 0 0"><span class='ocrx_word' id='word_1_381' title='bbox 0 0 122 3254; x_wconf 95' lang='lat' dir='ltr'><strong> </strong></span> 
     </span>
    </p>
   </div>
  </div>
 </body>
</html>
