1884 3254
616 264 826 310 Epistula.
848 264 897 300 LI
922 264 1014 300 6--7
1498 268 1583 309 409

62 395 222 438 dicens:
249 394 333 437 uir
369 406 465 436 non
500 393 662 436 debet
691 394 901 436 nutrire
935 406 1146 445 comam,
1181 406 1294 437 cum
1326 394 1504 450 gloria
1536 398 1587 437 et

62 466 235 521 imago
269 465 352 507 dei
383 465 471 516 sit,
492 464 730 519 'imaginem
762 465 1015 519 simpliciter
1045 477 1123 508 suo
1155 466 1374 520 appellans
1405 465 1588 518 nomine,

64 535 385 580 similitudinem
417 538 559 578 autem
591 536 749 590 gloriae
781 536 1064 590 appellatione
1097 537 1351 592 significans.

126 608 165 649 7.
210 607 291 649 Pro
334 606 471 648 tribus
512 605 646 661 igitur
686 606 958 658 testimoniis,
1003 619 1109 661 quae
1153 607 1244 659 tibi,
1289 607 1340 650 de
1383 607 1593 663 scriptura

24 691 42 720 5
67 680 213 722 sancta
255 677 292 720 si
334 676 603 732 repperirem,
647 676 817 720 dicebas
861 689 986 732 posse
1030 677 1238 730 sufficere,
1290 691 1387 721 ecce
1431 681 1592 733 septem

12 793 15 794 Β
66 748 310 792 testimonia
347 748 555 790 dedimus.
595 748 691 802 quis
737 761 836 804 ergo
881 749 1111 792 sustinebit
1146 748 1344 804 Origenis
1381 749 1593 804 ineptias?

66 822 116 863 ui:
145 833 225 862 non
259 819 432 875 grauius
464 819 626 873 aliquid
655 819 806 873 loquar
837 822 880 862 el:
911 819 1065 862 similis
1099 819 1260 862 efficiar
1296 821 1367 863 uel
1404 820 1487 875 ipsi
1523 820 1595 863 uel

69 890 290 945 discipulis
323 890 429 942 eius,
462 890 534 944 qui
566 889 723 932 audent
753 890 795 932 in
827 891 1017 944 periculo
1051 891 1212 933 animae
1246 903 1351 933 suae
1390 891 1596 939 adserere,

69 963 364 1017 quodcumque
421 961 482 1004 eis
531 961 573 1003 in
623 962 799 1004 buccam
850 962 1026 1014 uenerit,
1080 964 1122 1005 et
1163 962 1301 1018 magis
1339 962 1484 1005 iubere
1521 961 1597 1004 deo

10 1045 46 1073 10
71 1035 114 1076 et
143 1045 223 1076 non
256 1033 307 1075 ab
341 1046 388 1076 eo
426 1032 497 1075 uel
535 1045 650 1075 orare
687 1033 759 1075 uel
798 1033 959 1076 discere
998 1033 1237 1077 ueritatem.
1277 1033 1449 1088 quidam
1487 1032 1598 1076 enim
1636 1042 1643 1051 ·

24 1141 27 1146 .
71 1117 215 1148 eorum
241 1104 399 1156 dicunt,
425 1104 538 1158 quod
564 1104 720 1159 imago,
747 1117 872 1159 quam
898 1104 1016 1159 prius
1043 1105 1207 1158 accepit
1230 1104 1381 1156 Adam,
1407 1104 1482 1147 illo
1505 1116 1600 1158 pec-

3 1188 9 1194 *
74 1178 192 1218 cante
217 1176 406 1229 periei-ila
427 1174 499 1217 alii
520 1175 804 1230 suspicantur,
833 1175 945 1230 quod
970 1175 1087 1219 filius
1115 1175 1182 1218 dei
1207 1188 1360 1230 corpus
1379 1175 1602 1217 habiturus

73 1249 187 1290 esset
218 1259 265 1289 ex
290 1246 437 1298 Maria,
469 1246 605 1300 ipsam
639 1259 732 1288 esse
766 1246 1009 1303 imaginem,
1041 1247 1114 1289 alii
1147 1259 1333 1299 sensum,
1367 1246 1438 1289 alii
1469 1246 1604 1288 uirtu-

74 1321 175 1368 tem,
200 1317 274 1360 isti
304 1317 531 1371 baptisma,
557 1317 616 1367 hi,
645 1317 758 1371 quod
783 1317 910 1360 homo
938 1318 990 1359 ad
1016 1317 1244 1373 imaginem
1271 1317 1338 1360 dei
1365 1317 1606 1359 dominetur
1656 1321 1659 1323 ’

16 1399 51 1428 15
77 1389 287 1441 omnibuS,
314 1388 525 1431 ebriorum
557 1401 672 1430 more
703 1389 807 1430 haec
838 1389 910 1430 uel
941 1388 1017 1431 illa
1047 1390 1276 1440 ructantes,
1305 1401 1411 1443 quos
1444 1390 1607 1442 oporte<

76 1462 149 1504 bat
177 1462 344 1503 tantum
377 1460 561 1515 effugere
588 1459 814 1502 discrimen
840 1472 916 1502 nec
943 1472 1108 1514 negare,
1135 1472 1242 1514 quae
1267 1459 1458 1514 loquitur
1488 1459 1607 1511 deus,

77 1534 120 1574 et
151 1531 368 1573 credentes
399 1530 652 1586 simpliciter
683 1530 826 1573 saluos
858 1530 948 1572 fieri
990 1531 1152 1585 deoque
1190 1530 1416 1573 concedere
1447 1530 1611 1573 donati-

79 1604 170 1646 onis
204 1615 305 1646 suae
332 1604 489 1645 certam
516 1604 559 1644 el:
583 1615 727 1644 ueram
755 1602 989 1652 scientiam,
1016 1602 1058 1644 in
1088 1615 1171 1657 qua
1195 1601 1469 1657 potissimum
1494 1602 1610 1655 parte

0 1697 1 1702 =
78 1675 269 1717 homines
304 1673 538 1716 condiderit
569 1673 620 1715 ad
658 1673 887 1728 imaginem
929 1675 971 1714 et
1009 1673 1334 1716 similitudinem
1366 1685 1507 1723 suam;
1541 1671 1612 1726 qui
1668 1690 1671 1693 >

18 1754 57 1783 20
80 1747 183 1788 haec
214 1745 503 1799 relinquentes
541 1744 690 1786 multis
729 1757 774 1786 se
812 1743 1133 1798 quaestionibus
1169 1744 1427 1799 inplicarunt
1463 1745 1505 1786 et
1538 1755 1615 1796 per

80 1819 157 1860 has
187 1817 230 1858 in
262 1827 439 1859 caenum
471 1816 650 1858 demersi
683 1817 783 1858 sunt
815 1817 1098 1869 peccatorum.
1131 1828 1207 1858 nos
1239 1818 1394 1865 autem,
1427 1814 1613 1857 dilectis-

83 1889 204 1938 sime,
226 1888 435 1930 credimus
462 1887 543 1938 his,
572 1899 678 1941 quae
709 1886 880 1929 locutus
906 1887 972 1928 est
996 1886 1207 1938 dominus,
1235 1888 1278 1930 et
1303 1886 1476 1937 scimus,
1503 1885 1614 1940 quod

19 1999 21 2002 .
84 1961 123 2001 in
151 1959 315 2001 cunctis
342 1958 584 2001 hominibus
608 1958 749 2012 imago
777 1957 843 2000 dei
868 1959 1124 2012 permaneat,
1149 1957 1317 2012 ipsique
1344 1956 1615 2000 concedimus

208 2122 224 2155 1
254 2121 291 2156 *Ι
317 2122 398 2157 Cor.
428 2121 481 2161 11,
509 2121 528 2155 7

139 2205 155 2239 l
184 2203 306 2239 dicens
332 2203 372 2238 in
396 2214 464 2248 my.
490 2205 549 2237 m2
566 2203 604 2237 B
665 2201 723 2237 dei
749 2201 798 2236 sit
823 2202 860 2236 et
884 2201 1005 2246 imago
1027 2200 1058 2236 S
1103 2201 1125 2236 2
1153 2212 1232 2246 app.
1260 2211 1323 2235 suo
1342 2211 1368 2245 g
1414 2201 1438 2236 3
1463 2199 1615 2247 gloriae]

12 2289 14 2291 v
89 2263 272 2309 gloriaene
297 2262 336 2297 D
361 2262 499 2307 gloriae
524 2272 589 2296 sua.
613 2260 673 2307 (ex
697 2262 799 2305 suae)
826 2261 861 2295 A
956 2260 980 2295 4
1006 2260 1036 2295 si
1063 2259 1106 2295 de
1133 2271 1199 2295 scr.
1225 2271 1254 2295 s.
1279 2271 1304 2304 ς
1406 2261 1428 2294 5
1453 2271 1528 2306 rep.
1552 2259 1622 2296 BS

90 2323 300 2368 superficere
326 2322 365 2357 D
426 2322 446 2357 7
472 2321 611 2366 gratius
637 2321 712 2355 AD
773 2321 794 2356 8
821 2320 990 2366 discipuli
1013 2320 1120 2355 Aac.
1193 2320 1247 2365 in]
1274 2330 1352 2354 cum
1379 2319 1620 2365 Enydbrecht

91 2383 112 2418 9
139 2381 235 2427 quod
261 2393 338 2417 cum
365 2381 399 2416 A
425 2383 519 2426 (cum
546 2381 614 2416 del.
634 2383 726 2425 2722),
822 2380 871 2425 et]
899 2381 935 2414 et
960 2391 1030 2414 non
1048 2379 1118 2414 ΒΕ
1214 2378 1258 2414 10
1284 2378 1329 2414 ab
1357 2378 1413 2425 eo]
1439 2379 1556 2414 habeo
1582 2378 1619 2423 (li

91 2451 169 2486 emp.
194 2441 245 2487 A)
265 2440 340 2475 AD
437 2450 537 2475 orare
558 2442 593 2484 (o
613 2440 654 2474 in
672 2450 746 2475 ras.
768 2441 793 2474 2
812 2439 881 2474 litt.
903 2440 974 2483 ΜΖ)
993 2439 1029 2474 Β
1055 2449 1171 2473 errare
1198 2443 1260 2474 cet.
1343 2438 1436 2473 enim
1462 2448 1530 2473 om.
1555 2438 1623 2472 RS

94 2501 134 2535 ll
160 2501 282 2545 imago
309 2499 366 2535 dei
384 2511 408 2544 ς
505 2509 609 2544 quem
630 2498 707 2533 AD
768 2498 812 2533 12
837 2509 977 2544 corpus,
1003 2497 1100 2543 quod
1124 2497 1174 2532 fil.
1200 2497 1258 2532 dei
1282 2508 1307 2542 ς
1402 2497 1498 2542 hab.]
1525 2496 1619 2542 quod

94 2560 134 2604 (ε.
162 2560 186 2594 l.
210 2560 284 2603 m2)
309 2558 392 2594 hab.
413 2559 450 2593 A
515 2559 559 2594 13
579 2558 696 2604 ipsum
715 2569 741 2603 g
765 2557 842 2601 (secl
867 2556 1141 2604 quod—corpus
1164 2557 1392 2592 attractione
1417 2556 1550 2591 dictum
1569 2560 1620 2589 est

88 2629 159 2664 pro
185 2629 326 2664 corpus,
351 2617 461 2664 quod)
559 2618 682 2664 imag]
710 2617 796 2652 add.
823 2616 1031 2662 conditoris,
1056 2616 1222 2651 nonnulli
1247 2616 1402 2650 animam
1430 2626 1507 2650 esse
1531 2614 1620 2649 ima-

91 2679 214 2724 ginem
238 2690 263 2723 ς
313 2678 358 2713 14
381 2677 435 2723 hi]
462 2677 517 2712 illi
541 2677 609 2713 BS
680 2676 754 2722 dei]
781 2676 866 2711 add.
894 2675 1061 2711 conditus
1091 2676 1133 2710 in
1158 2686 1224 2720 my.
1250 2678 1309 2709 m2
1333 2675 1369 2709 Β
1426 2675 1469 2708 15
1494 2672 1620 2708 hebre-

31 2753 35 2756 «
96 2748 195 2772 orum
219 2737 258 2772 D
282 2736 488 2771 hebriorum
513 2736 549 2770 A
574 2736 601 2780 (i
626 2746 670 2771 ex
695 2746 714 2770 e
738 2735 811 2781 m2)
838 2735 873 2768 Β
948 2734 990 2769 16
1018 2734 1124 2779 quae]
1153 2732 1248 2778 quod
1274 2731 1342 2766 BS
1414 2732 1456 2766 17
1483 2730 1623 2775 deoque

26 2796 30 2800 '
94 2795 259 2841 Bp.e.m2
283 2794 439 2840 ideoque
464 2798 529 2830 cet.
602 2793 869 2840 dampnationis
895 2793 924 2828 S
995 2792 1040 2827 18
1067 2793 1199 2827 certam
1225 2791 1328 2835 Bpm
1355 2791 1534 2825 certamen
1559 2792 1621 2823 cet.

42 2897 44 2899 ‚
100 2856 142 2890 19
161 2855 316 2890 hominis
337 2854 543 2890 Aa.c.m2])
591 2853 634 2888 21
663 2864 788 2888 cenum
810 2852 917 2888 DBS
986 2853 1175 2897 peccatore
1194 2850 1300 2884 Ba.c.
1375 2859 1441 2883 uos
1459 2848 1520 2882 Aa
1536 2851 1625 2885 c.m2
