1884 3254
276 226 359 267 212
813 224 964 259 Sancti
991 223 1248 268 Hieronymi

274 353 479 406 loquitur:
514 353 777 395 dicebam:
811 353 854 393 si
887 363 1174 393 narrauero
1209 351 1301 401 sic,
1335 364 1457 395 ecce
1489 353 1790 406 generatio·
1849 348 1851 350 ’

275 436 386 465 nem
426 423 668 466 filiorum
706 426 919 465 tuorum
963 422 1381 475 praeuaricatus
1426 436 1552 473 sum,
1591 423 1703 476 quod
1744 425 1788 468 in

274 494 434 536 Latinis
474 494 689 536 codicibus
728 506 808 535 non
846 493 907 534 ita
942 492 1146 534 habemus
1181 504 1437 546 expressum,
1467 496 1638 548 repente
1668 494 1789 537 nobis

274 565 510 606 nuntiatum
550 566 615 605 est
653 563 963 605 sanctissimam
1000 563 1127 604 Leam
1165 562 1299 605 exisse
1338 563 1389 605 de
1426 575 1610 618 corpore.
1647 564 1790 619 ibique

274 636 392 676 itate
412 634 615 688 palluisse
641 633 850 687 conspexi,
871 635 920 674 ut
939 645 1035 674 uere
1063 634 1137 674 aut
1161 645 1296 686 pauca
1322 635 1396 675 aut
1421 634 1535 675 nulla
1562 635 1619 676 sit
1643 634 1791 687 anima,

274 717 377 758 quae
413 704 546 745 fracto
586 715 687 745 uase
718 705 904 744 testaceo
937 714 1018 744 non
1049 702 1186 744 tristis
1219 705 1422 757 erumpat.
1455 706 1498 746 et
1526 706 1574 746 tu
1606 704 1790 758 quidem,

273 788 351 817 non
391 774 502 828 quod
539 773 672 815 futuri
708 774 866 815 incerta
898 783 1029 823 essee,
1064 772 1250 824 dolebaS‚
1283 773 1358 816 sed
1390 787 1471 828 quo
1503 774 1626 816 triste
1656 774 1792 818 funeri

274 845 521 899 obsequium
558 856 640 886 non
679 843 880 886 dedisses.
920 843 1099 896 denique
1142 843 1184 884 in
1228 844 1380 886 mediis
1423 844 1580 886 fabulis
1622 858 1791 888 rursum

273 915 497 958 didicimus
529 914 728 968 reliquias
760 914 851 956 eius
883 914 968 955 iam
1001 912 1121 955 Ostia
1155 914 1288 956 fuisse
1321 914 1495 957 delatas.

332 987 370 1028 2,
409 984 608 1037 Quaeras,
647 998 728 1039 quo
767 985 975 1039 pertineat
1010 984 1094 1026 ista
1131 984 1379 1039 replicatio?
1415 985 1674 1039 respondebo
1711 986 1792 1029 tibi

271 1057 413 1099 uerbis
451 1056 650 1110 apostoli:
689 1056 912 1097 multum
952 1067 1043 1109 per
1085 1068 1288 1097 omnem
1331 1055 1553 1098 modum.
1591 1056 1789 1111 primum,

271 1127 383 1182 quod
407 1127 701 1169 uniuersorum
728 1126 894 1181 gaudiis
919 1126 1208 1180 prosequenda
1228 1126 1297 1178 sit,
1318 1139 1423 1180 quae
1444 1127 1603 1169 calcato
1624 1127 1790 1170 diabolo

272 1210 464 1240 coronam
489 1198 574 1239 iam
601 1197 839 1239 securitatis
867 1197 1046 1256 accepit;
1076 1198 1275 1248 secundo,
1301 1199 1350 1238 ut
1375 1197 1465 1239 eius
1492 1197 1583 1240 uita
1606 1197 1792 1240 breuiter

271 1268 516 1322 explicetur3
556 1268 696 1318 tertio,
727 1269 785 1309 ut
823 1267 1090 1322 designatum
1131 1266 1361 1310 consulem'
1385 1268 1435 1309 de
1475 1268 1565 1310 suis
1609 1267 1790 1310 saeculis

270 1339 536 1380 detrahentes
563 1351 655 1380 esse
682 1338 907 1379 doceamus
933 1338 975 1379 in
1007 1339 1175 1379 tartaro.
1209 1337 1403 1391 equidem
1430 1338 1789 1395 conuersationem

270 1408 376 1450 Leae
421 1412 588 1450 nostrae
633 1408 727 1462 quis
771 1408 908 1462 possit
946 1408 1070 1463 digno
1111 1408 1276 1450 eleuare
1314 1408 1565 1462 praeconio?
1602 1408 1661 1449 ita
1698 1420 1790 1450 eam

269 1481 403 1521 totam
436 1479 488 1520 ad
521 1479 736 1521 dominum
773 1478 906 1520 fuisse
939 1491 1198 1528 conuersam,
1231 1481 1280 1520 ut
1310 1479 1552 1521 monasterii
1582 1479 1789 1533 princeps,

269 1551 403 1591 mater
434 1549 648 1603 uirginum
678 1549 814 1598 fieret3
848 1550 946 1602 p'ost
975 1547 1198 1590 mollitiem
1232 1549 1418 1591 uestium
1451 1561 1572 1591 sacco
1604 1549 1792 1591 membra

269 1620 459 1667 triuisse3
505 1619 764 1662 orationibus
816 1620 984 1662 duxisse
1030 1622 1176 1662 noctes
1227 1622 1268 1662 et
1318 1621 1493 1662 comites
1545 1633 1643 1663 suas
1692 1621 1789 1675 plus

271 1689 457 1744 exemplo
485 1690 678 1732 docuisse
711 1702 835 1743 quam
862 1689 1013 1732 uerbis.
1039 1690 1293 1732 humilitatis
1324 1692 1465 1732 tantae
1496 1692 1667 1744 tamque
1692 1690 1788 1733 sub-

268 1760 415 1811 iectae,
447 1763 496 1801 ut
527 1760 737 1813 quondam
769 1760 937 1802 domina
967 1761 1244 1813 plurimorum
1277 1761 1428 1803 ancilla
1458 1761 1639 1803 hominis
1671 1763 1790 1816 puta-

268 1832 396 1881 retur,
430 1831 511 1873 nisi
549 1830 659 1884 quod
698 1843 745 1872 eo
786 1830 943 1874 Christi
980 1831 1116 1886 magis
1156 1844 1248 1874 esse
1287 1832 1452 1883 ancilla,
1486 1832 1585 1874 dum
1623 1832 1791 1874 domina

388 1995 404 2028 1
435 1993 513 2028 *Ps
542 1993 599 2038 72,
627 1994 669 2028 15
770 1994 810 2029 11
838 1994 939 2028 Rom.
965 1995 998 2038 3,
1024 1994 1046 2028 2
1144 1994 1189 2029 14
1215 1994 1287 2029 des.
1315 1994 1424 2040 cons]
1449 2005 1496 2031 sc.
1529 1994 1670 2030 Vettius
1693 1994 1789 2040 Aqo—

268 2052 346 2086 rius
371 2052 633 2088 Praetextatus
658 2054 720 2097 (cf.
745 2052 822 2087 ind.
848 2055 958 2096 nom.)

318 2157 333 2191 1
363 2157 392 2191 si
419 2156 579 2192 dicebam
605 2157 755 2192 narrabo
780 2169 814 2202 g,
876 2158 1061 2203 generatio
1086 2158 1256 2193 Ba.c.m2
1328 2159 1349 2193 3
1375 2159 1429 2192 ita
1453 2170 1523 2193 non
1550 2158 1584 2192 L
1656 2161 1677 2195 5
1703 2170 1786 2194 con·

267 2215 437 2259 palluisse
463 2215 497 2249 L
570 2216 590 2250 6
617 2215 712 2251 facto
739 2217 880 2254 LBa.c.
998 2228 1085 2251 uaso
1109 2217 1216 2252 Bac
1299 2227 1304 2233 ·
1329 2217 1480 2252 testatio
1506 2217 1546 2252 D
1569 2217 1728 2252 tristatio
1752 2217 1788 2252 L

269 2274 287 2307 7
316 2284 393 2308 esse
418 2273 490 2308 LB
610 2274 731 2309 doleas
757 2275 861 2310 Hac.
984 2275 1078 2320 quod
1103 2276 1140 2310 Β
1243 2276 1264 2310 9
1290 2276 1374 2321 iam]
1399 2276 1488 2310 iram
1515 2276 1623 2320 (uiam
1647 2277 1724 2319 m2)
1751 2277 1788 2310 B

269 2332 362 2366 ostia
386 2333 490 2375 (acc.)
514 2331 597 2369 L.B
623 2332 732 2377 (ostia
756 2335 831 2376 m2)
857 2333 996 2368 hostias
1023 2333 1098 2368 HD
1123 2334 1252 2368 ostiam
1277 2344 1302 2378 g
1387 2334 1431 2368 10
1457 2334 1574 2378 queris
1601 2334 1640 2368 11
1730 2345 1786 2369 re-

1815 999 1852 1028 10

1814 1352 1851 1381 15

1811 1680 1884 1738 ,ιο-Ι

268 2390 494 2434 spondebunt
518 2391 554 2425 Β
619 2392 657 2425 11
685 2391 795 2426 uerbo
822 2391 856 2425 L
941 2403 1080 2426 omnem
1106 2393 1148 2427 in
1172 2403 1239 2437 my.
1264 2394 1328 2427 m2
1350 2392 1387 2427 B
1465 2392 1623 2438 modum]
1647 2393 1689 2427 in
1713 2404 1786 2428 ras.
1856 2394 1860 2396 ’

267 2451 329 2483 m2
358 2449 394 2483 Β
538 2449 582 2483 12
615 2461 703 2493 quac
735 2462 759 2494 g
791 2461 859 2494 que
892 2453 926 2492 (e
957 2462 1001 2485 ea:
1031 2451 1081 2495 ia)
1114 2451 1151 2485 Β
1183 2461 1254 2496 qua
1285 2454 1345 2486 cet.
1498 2450 1542 2485 13
1573 2451 1687 2485 uitam
1713 2451 1788 2486 LD

269 2508 312 2542 14
338 2507 471 2542 saeculi
496 2508 532 2542 Β
558 2509 708 2543 socculis
732 2520 756 2552 g
782 2509 932 2543 sacculis
956 2509 1198 2554 Enyelbreeht
1270 2510 1314 2545 15
1341 2509 1572 2544 detrahente*
1592 2510 1632 2544 II
1723 2510 1786 2544 do-

267 2577 410 2601 ceamur
432 2567 472 2601 D
556 2569 593 2601 et
618 2566 761 2611 quidem
787 2578 811 2611 ς
895 2569 1163 2603 conuersionem
1189 2568 1223 2603 L
1297 2569 1340 2603 16
1367 2568 1523 2604 alienare
1546 2580 1571 2613 g
1647 2569 1787 2605 scilicet

266 2627 317 2661 ita
344 2625 394 2660 B²
469 2627 512 2662 18
537 2626 691 2661 mollitie
717 2626 769 2660 B²
795 2627 866 2662 -cie
891 2627 926 2661 L
951 2628 1041 2662 -tiae
1065 2627 1105 2662 D
1193 2629 1234 2663 19
1259 2628 1442 2663 insomnes
1468 2631 1558 2662 orat.
1581 2638 1607 2673 ς
1701 2639 1786 2663 suos

266 2684 450 2721 B¹a.c.m2
502 2685 550 2720 20
569 2685 665 2720 hum.
686 2685 756 2720 fuit
772 2696 797 2729 ς
874 2687 1058 2730 tamquam
1079 2686 1123 2730 L,
1149 2697 1223 2721 ras.
1248 2689 1272 2722 6
1296 2687 1365 2722 litt.
1385 2687 1424 2721 11
1501 2686 1664 2722 subiecta
1682 2687 1784 2732 Ilpst.

266 2743 309 2777 21
338 2744 507 2789 bominis]
536 2744 692 2778 omnium
717 2754 741 2788 g
850 2745 895 2779 22
921 2745 975 2789 eo]
1003 2756 1043 2779 eo
1072 2748 1106 2786 (o
1132 2746 1174 2779 in
1198 2756 1271 2780 ras.
1297 2747 1373 2791 ΜΒ)
1397 2744 1451 2780 Β1
1476 2747 1514 2780 et
1537 2744 1589 2780 13²
1708 2756 1786 2780 esse

266 2801 368 2845 D,B¹
394 2804 504 2844 (esset
529 2803 604 2845 m2)
631 2804 727 2837 esset
752 2806 814 2837 cet.
913 2803 1044 2838 ancilla
1068 2803 1188 2840 B¹a.c.
1289 2805 1370 2839 dum
1394 2815 1424 2840 8.
1451 2804 1474 2839 l.
1499 2803 1535 2838 L
