1884 3254
633 212 840 259 Epistula
863 212 1121 248 XL1v—-XLV
1150 214 1171 247 1⁴
1575 218 1661 260 323

131 344 260 397 typus
292 342 522 398 uirginum,
555 342 658 384 haec
688 342 823 397 figura
854 342 911 384 sit
941 344 1242 385 matronarum.
1274 343 1394 386 nobis
1428 346 1583 395 autem,
1617 345 1659 387 in

131 426 379 469 peruersum
423 413 536 466 licet,
586 425 760 456 munera
803 415 947 456 uestra
997 414 1268 457 conueniunt:
1321 414 1465 458 sedere
1517 418 1661 470 aptum

132 486 199 526 est
228 484 391 534 otiosis,
430 484 470 526 in
510 496 631 527 sacco
669 484 804 526 iacere
840 484 1168 537 paenitentibus,
1208 485 1362 528 calices
1399 486 1552 529 habere
1589 499 1661 542 po—

131 554 337 606 tantibus,
377 554 479 597 licet
518 556 560 597 et
594 558 767 609 propter
802 557 1031 599 nocturnos
1069 557 1208 598 metus
1249 558 1290 598 et
1321 556 1459 599 animo
1493 570 1659 613 semper

129 625 241 668 malo
292 625 571 668 conscientiae
619 625 871 668 formidante
917 639 1058 668 cereos
1105 639 1271 681 quoque
1316 627 1558 671 accendisse
1603 629 1660 671 sit

130 698 309 752 gratum.

827 815 952 858 XLV.

703 910 780 952 AD
813 910 1084 953 ASELLAM.

188 1004 226 1045 1.
265 1003 310 1046 Si
346 1004 425 1045 tibi
462 1006 610 1058 putem
647 1017 670 1046 a
707 1017 774 1046 me
813 1004 970 1059 gratias
1007 1003 1152 1046 referri
1182 1016 1322 1059 posse,
1361 1017 1443 1046 non
1476 1004 1652 1060 sapiam.

125 1076 381 1129 potensest
418 1075 522 1117 deus
561 1088 688 1129 super
724 1088 947 1130 personam
983 1088 1122 1118 meam
1161 1077 1330 1118 sanctae
1363 1075 1525 1118 animae
1557 1077 1655 1118 tuae

123 1146 362 1197 restituere,
402 1147 514 1201 quod
560 1148 751 1189 meretur.
791 1159 868 1202 ego
913 1148 1024 1189 enim
1067 1147 1267 1202 indignus
1311 1159 1387 1189 nec
1433 1147 1655 1190 aestimare

122 1229 325 1270 umquam
351 1217 473 1271 potui
497 1230 573 1260 nec
600 1219 757 1272 optare,
784 1219 833 1260 ut
856 1217 961 1260 mihi
985 1219 1153 1260 tantum
1177 1218 1220 1260 in
1248 1217 1416 1261 Christo
1442 1217 1654 1273 largireris

122 1287 350 1330 adfectum.
389 1292 432 1330 et
466 1289 567 1331 lieet
603 1301 672 1330 me
709 1289 963 1331 sceleratum
1000 1289 1170 1343 quidam
1202 1291 1354 1344 putent
1385 1291 1428 1331 et
1459 1289 1654 1331 omnibus

121 1358 296 1413 flagitiis
329 1359 526 1401 obrutum
560 1361 602 1401 et
632 1372 706 1413 pro
738 1359 925 1412 peccatis
957 1359 1064 1402 meis
1098 1359 1225 1402 etiam
1258 1360 1360 1402 haec
1392 1372 1523 1414 parua
1554 1359 1654 1411 sint,

241 1486 264 1520 4
289 1485 334 1521 cf.
361 1485 465 1522 Cant.
492 1486 526 1531 3,
552 1487 585 1523 8.
610 1487 670 1522 Ps.
696 1487 754 1531 90,
781 1487 801 1521 5

171 1569 189 1604 1
215 1571 324 1615 typus
351 1569 399 1604 sit
424 1569 463 1604 D
570 1569 700 1615 figura]
727 1569 850 1605 futura
874 1570 915 1606 N
1022 1570 1072 1606 sit
1096 1580 1163 1605 om.
1190 1569 1230 1604 D
1325 1570 1430 1605 nobis
1456 1571 1578 1605 autem
1602 1569 1652 1614 N,

118 1638 188 1663 om.
215 1631 278 1664 cet.
374 1628 412 1664 in
437 1640 537 1674 peru.
563 1641 635 1664 non
659 1629 717 1664 lic.
743 1629 783 1664 D
806 1630 863 1665 lic.
890 1629 926 1665 in
953 1640 1050 1676 pern.
1075 1641 1101 1675 g
1172 1630 1194 1665 2
1221 1629 1437 1665 conueniant
1460 1628 1549 1675 D‚B
1570 1631 1652 1675 (con

117 1691 154 1722 et
177 1688 212 1722 ia
236 1689 278 1722 in
301 1699 376 1724 ras.
402 1690 477 1733 m2)
556 1689 580 1724 4
599 1700 659 1734 pr.
687 1691 723 1724 et
748 1700 816 1724 om.
834 1689 883 1745 ,N
977 1689 1096 1724 animo
1123 1700 1146 1734 q
1170 1689 1291 1724 anima
1316 1688 1423 1724 Na.e.
1449 1689 1587 1724 animos
1613 1687 1653 1723 D

121 1747 261 1782 animus
286 1748 364 1783 LII
384 1748 542 1783 animum
571 1748 716 1793 Np,e.B
797 1750 818 1784 5
844 1748 979 1784 malum
998 1748 1037 1783 D
1060 1748 1155 1784 mala
1174 1748 1217 1791 B,
1243 1759 1311 1783 om.
1331 1748 1376 1783 N
1467 1748 1650 1783 conscien-

117 1806 172 1841 tia
198 1806 295 1852 Blae.
382 1807 636 1843 formidantem
662 1807 738 1843 NB
759 1807 997 1843 formidantes
1023 1808 1061 1843 D
1141 1808 1297 1853 quoque]
1327 1819 1394 1853 que
1420 1807 1459 1842 D
1521 1808 1542 1843 6
1570 1819 1650 1853 gra-

117 1865 201 1900 dum
228 1867 273 1901 N

442 1985 678 2028 capolitanus
710 1983 775 2018 VI.
800 1983 850 2019 D.
881 1985 931 2019 59
955 1994 984 2018 8.
1016 1983 1105 2018 VII.

403 2042 654 2087 Spinaliensic
681 2046 732 2079 68
754 2055 783 2079 s.
816 2042 931 2078 VIII.

408 2101 618 2138 Turicensis
642 2103 839 2148 Auqiensis
867 2105 910 2137 41
934 2113 962 2137 s.
989 2102 1064 2138 IX.

407 2160 612 2197 Vaticanus
638 2162 703 2197 lat.
732 2161 871 2207 3554-
886 2163 966 2197 356
990 2172 1017 2196 s.
1044 2161 1204 2196 IX—X.

404 2219 617 2256 casinensis
642 2222 723 2256 295
747 2231 775 2256 8.
802 2221 851 2257 X.

260 2279 296 2313 B
329 2296 374 2310 =
401 2279 650 2316 Berolinensie
676 2281 740 2316 zat.
767 2282 814 2315 18
837 2291 864 2316 8.
892 2280 988 2317 XII.

259 1983 306 2254 ZUMNQ

329 2235 374 2250 ΙΙ
330 2177 374 2190 ΙΙ
332 2118 377 2132 ΙΙ
332 2059 376 2072 ΙΙ
330 1999 375 2013 ΙΙ

163 2396 184 2431 8
211 2395 256 2431 ad
280 2396 324 2442 (8.
351 2396 390 2440 l.)
415 2397 561 2432 asellam
589 2396 655 2432 deo
683 2398 830 2443 gratias.
858 2397 1023 2432 dominae
1051 2400 1196 2432 sanctae
1224 2400 1260 2432 et
1286 2395 1511 2432 uenerandae
1538 2397 1646 2432 matri

114 2454 226 2490 aselle
250 2455 472 2490 hieronimus
501 2455 535 2491 G
560 2455 606 2491 ad
637 2456 784 2492 asellam
817 2456 975 2503 puellam
1007 2456 1080 2499 dei3
1108 2467 1135 2492 8.
1165 2457 1186 2492 l.
1215 2455 1302 2491 add.
1330 2456 1373 2491 de
1398 2455 1492 2491 fictis
1520 2455 1644 2490 amieis

115 2525 237 2549 eorum
263 2515 324 2560 qui
350 2514 421 2550 sibi
446 2514 643 2550 detrahunt
665 2516 711 2551 K
732 2515 778 2550 ad
809 2516 1010 2561 as(s)ellam
1042 2515 1085 2551 de
1116 2515 1211 2552 fictis
1237 2516 1408 2551 amicitiis
1433 2515 1571 2560 (amicis
1598 2514 1645 2559 B)

114 2573 176 2619 qui
202 2573 271 2608 sibi
297 2573 493 2609 detrahunt
517 2577 576 2618 (ex
601 2575 676 2610 -hit
700 2575 733 2610 Σ
760 2575 1002 2611 detrahebant
1025 2575 1078 2619 D)
1105 2575 1209 2611 ΣΒΒ
1237 2575 1401 2610 dominae
1435 2577 1580 2609 sanetae
1608 2576 1644 2608 et

114 2632 318 2668 uenerande
343 2633 451 2668 matri
475 2634 607 2669 asellae
632 2634 852 2670 hieronimus
873 2634 916 2670 de
936 2635 1029 2670 fictis
1049 2634 1172 2670 amicis
1191 2634 1235 2670 Ν
1236 2647 1250 2678 ,·
1268 2634 1488 2678 Hieronymi
1512 2643 1643 2668 nomen

112 2691 284 2727 exhibent
307 2692 409 2728 tituli
432 2693 473 2727 in
502 2692 645 2728 GZDN
717 2694 738 2728 9
765 2696 857 2739 grat.
884 2705 905 2728 a
929 2705 985 2729 me
1010 2705 1034 2739 ς
1107 2694 1152 2730 10
1179 2696 1234 2729 est
1260 2693 1353 2728 enirn
1379 2693 1423 2728 K
1492 2702 1643 2737 persona

114 2761 193 2785 mea
218 2749 282 2785 ΣΒ
377 2751 417 2786 11
447 2762 538 2797 quae
563 2751 608 2788 K
747 2753 949 2788 existimare
975 2753 1020 2788 N
1120 2755 1163 2788 14
1189 2753 1296 2788 etiam
1324 2763 1391 2789 om.
1418 2751 1460 2786 N
1576 2750 1642 2786 hec

112 2810 155 2844 in
178 2820 253 2846 rae.
278 2811 340 2844 m2
365 2809 400 2844 B
492 2812 577 2846 sunt
599 2810 644 2846 N

1522 2881 1589 2914 21*

1700 354 1721 387 3
